DATE,price,volume
1478080195,725,0.001
1478102724,728.5,0.5
1478102764,726,0.5
1478104047,726.2,0.1
1478104139,726,0.05
1478104195,730,0.04
1478104904,729,0.0005
1478105303,728.2,3
1478106225,729.5,0.0005
1478106739,731,0.5
1478108688,731,0.002
1478109572,731,0.001
1478111142,731,0.2
1478112821,731,0.2
1478112848,732,0.3
1478114477,732,0.22
1478120229,731,0.0003
1478120258,731,0.5
1478120390,736,0.0002
1478120507,731,0.0002
1478125124,735,1
1478126202,739,0.0002
1478126476,735,0.0002
1478126606,739,0.0002
1478126648,735,0.0002
1478126669,739,0.0001
1478128288,739,1.9995
1478128295,741.5,3
1478130501,744,1
1478130658,745,2
1478130661,745,1
1478130668,745,1
1478130672,745,1
1478132536,750,3
1478139693,745,0.11
1478143081,745,0.24
1478144061,744.85,1
1478144902,745,1
1478145087,746,0.36
1478145180,745.12,0.12
1478145723,745.12,1
1478147202,745.12,1
1478148003,745,1.125
1478148467,745,0.275
1478149441,745,1
1478150432,754.9,0.247
1478150437,755,1
1478150444,755,1
1478150444,755.56,1.15
1478150447,755.56,0.69
1478150451,756,2.15
1478151152,757.9,0.005
1478151544,750,0.001
1478152206,750,2
1478152697,757.9,0.002
1478152697,758,1.238
1478153211,751,2.65
1478153946,751,1.35
1478155661,750,0.999
1478156963,749.5,0.22
1478157025,754,5
1478157754,757.2,1
1478157870,749.5,1
1478157893,749.5,1.09
1478157893,749,0.91
1478158420,748,1
1478159359,744.85,0.11
1478159359,744,0.39
1478159503,736,0.34
1478159503,735,0.66
1478159965,746,2.5
1478159965,748,0.5
1478160661,745,1
1478161502,742,1
1478162448,740.6,0.0008
1478162534,740.6,0.1
1478163420,740.6,2.2092
1478163425,738,0.1
1478163936,744.2,1
1478164025,744.2,1.315
1478165978,740,1
1478168745,740,1.156
1478168749,739.2,1.532
1478168752,738,0.9
1478169039,745,1.2
1478170931,745,0.2
1478170935,745,1
1478171168,741.2,0.81
1478171671,745,0.81
1478172097,746.5,0.2266
1478172428,746.8,2.1453
1478172484,741.2,0.25
1478174347,748,0.5
1478175168,746,0.01
1478175180,742,0.0023
1478175585,742,0.01
1478176692,745,0.0122
1478177133,746,0.0421
1478177691,748,0.2257
1478178244,745,0.1458
1478178247,742,0.0122
1478180767,741.2,0.94
1478180770,740,1.1156
1478181948,735,0.5
1478186416,732,0.25
1478187886,725,0.003
1478187910,719,0.25
1478189224,720.25,0.1
1478191923,714.25,0.25
1478194085,718,0.25
1478194148,720.5,0.5
1478195773,716.75,0.1
1478197249,720.5,0.5
1478199518,715,0.5
1478199559,712.75,0.5
1478199565,711,2
1478199569,710.15,0.75
1478201265,715,0.1395
1478214460,714,0.13
1478214537,709,0.4
1478214555,702,1
1478215238,690.15,1.5
1478215406,690.15,1.5
1478215421,690,2
1478217354,690.5,0.15
1478218970,688,0.2
1478219598,691,1
1478219602,692,2.5
1478219611,694.1,1
1478219614,695,1
1478219616,696,0.5
1478219622,697,0.44
1478219630,699,0.42
1478220295,700,1.5
1478220301,702,1.12
1478223648,705,1
1478225583,702,0.51
1478227982,705,1
1478229153,702,0.233
1478229163,701.1,2
1478229169,700,2
1478230258,705,1
1478233032,705,0.0015
1478233268,705,1.31
1478237036,705,1.6885
1478238262,702,0.53
1478238280,702,0.97
1478239205,701.21,0.35
1478240631,701,1
1478241026,701,1
1478241409,700,2
1478241421,700,1
1478241731,698,2
1478241733,697.5,1
1478241734,697.5,2
1478241736,696,1
1478241971,694.92,1.5
1478241974,695,5
1478241986,695,1.52
1478241989,695,2
1478241991,695,1.48
1478242114,693,1.23
1478243249,693,2.77
1478243261,692.5,1.2
1478244017,692.5,2
1478244254,694,0.0238
1478244400,695,1.11
1478244503,695,1.021
1478244926,696.5,2.5
1478245337,697,1.22
1478245523,697,0.78
1478245616,698,2.51
1478245695,698,2.49
1478245704,698.5,1
1478245763,698.5,0.5
1478245819,699,0.35
1478246383,700,2
1478246450,700,8
1478246534,700,2
1478246539,702,1
1478246695,702,1
1478246966,702,0.5
1478246969,703,3
1478247669,704.25,1.5
1478248394,705,2
1478248409,706.2,0.905
1478249295,706.2,0.095
1478249308,707,0.12
1478249739,707,0.88
1478249778,708,0.45
1478250272,706,0.021
1478250697,706,0.133
1478250699,705,2.015
1478250724,704,0.1
1478252831,704,0.795
1478252839,703,0.256
1478253693,703,2.994
1478253701,702,1.002
1478254769,707,0.235
1478255797,705,1
1478255801,705,0.114
1478256824,706,1.821
1478256828,707,0.765
1478256854,708,0.09
1478259409,709.1,0.2
1478260671,705,0.012
1478261766,709.1,0.3
1478262971,705,0.2338
1478263042,704,3.2502
1478263045,703,0.2358
1478263051,706,1
1478263168,702,0.998
1478263200,705,1
1478263954,702,3
1478263960,702,5.356
1478265622,705,1.593
1478265634,706,1.104
1478265634,706,0.896
1478265703,706,5
1478265950,706,2.104
1478266136,707,1.235
1478266454,708,2.1
1478267218,705,2.3047
1478267247,704,0.2348
1478267944,706,2
1478268759,703,1
1478269879,703,1.037
1478269883,702,5.236
1478269886,701,2.225
1478269891,700,1.112
1478270060,699,0.211
1478270062,698,1.11
1478270064,696,2.103
1478270207,696,2.34
1478270211,698,2.0357
1478270468,695,0.2103
1478270520,694,1.0021
1478270520,694,1.9979
1478271046,696,1.0286
1478271050,698,2.1058
1478272866,699,0.1
1478282207,699,0.12
1478286546,699,0.135
1478291901,697,0.01
1478291914,699,0.002
1478301031,699,0.2
1478304295,699,0.22
1478305999,699,0.1
1478306003,699,0.5
1478306300,699,1.01
1478306306,700,0.5
1478308461,698,1.2
1478310727,700,0.6
1478313168,700,0.02
1478313941,698,0.3
1478317113,698,0.5
1478318259,699,20
1478318278,700,2
1478318278,700,18
1478319842,699,15
1478319854,700,2
1478319854,700,13
1478320383,700,2
1478320405,700.5,2
1478321707,698,0.5
1478323202,700.8,2
1478324003,699,5
1478330276,701,1.8027
1478330281,702,1
1478330584,702,2.078
1478330589,703,0.235
1478331403,700,1
1478331898,704,1.0235
1478331919,700,0.025
1478331919,700,0.975
1478332491,705,4.25
1478332499,706,2
1478333221,700,1.025
1478333529,706,0.0237
1478333529,706,0.9763
1478334469,706,1.3737
1478334497,703,1
1478335001,707,1.0285
1478335006,708,2.9
1478335045,704,2.014
1478335715,703,1.0568
1478335727,702,5.036
1478336140,709,2
1478336211,705,2
1478336213,705,1.689
1478336829,704,1.0658
1478337100,703,0.258
1478337113,702,1.0298
1478337583,702,1.9702
1478337583,702,1.0298
1478337893,702,0.23
1478338668,702,1.0598
1478339521,702,1.009
1478340972,708,1.961
1478342354,703,0.23
1478342817,709,8
1478343716,710,0.12
1478343740,711,0.45
1478343740,712,4.55
1478344884,705,3.0298
1478344887,704,4.263
1478344889,703,0.8383
1478344891,702,2.6714
1478344929,705,3.025
1478346227,703,0.2
1478347187,703,0.801
1478347192,702,1.99
1478350191,708,0.0845
1478351320,701,2.025
1478351336,707,2
1478351516,700,1.2
1478351541,705,1
1478351546,705,0.23
1478351550,705,1.105
1478352471,700,0.8
1478353298,699,2.63
1478353301,698,0.5
1478353356,702,2.9056
1478353818,697,0.49
1478353818,697,1
1478353830,694,3.0021
1478353837,693,2.531
1478353903,700,2
1478353905,700,1.69
1478354358,700,1
1478356412,697,2.1
1478356938,696,1
1478356938,696,0.26
1478356941,696,1.74
1478356944,695,1
1478358405,700,2
1478360721,700,0.0289
1478360734,700,0.1
1478360748,698,1.01
1478362088,700,0.0124
1478362095,698,1.1114
1478368558,700,1.8876
1478368560,701,2
1478368574,701,1.0256
1478368607,700,2
1478368619,699,0.5
1478368624,699,0.112
1478368627,699,3
1478368632,699,2.536
1478368637,699,1.21
1478372328,701,1.9744
1478372334,699,2.642
1478372369,699,8.25
1478372385,701,11.1
1478374845,701,0.11
1478374849,699,0.34
1478386828,701,0.79
1478386828,701,4.21
1478386831,701,5
1478386836,701,5
1478386842,701,5
1478386872,700,25
1478388012,700,5
1478388016,700,15
1478388048,699,20
1478388050,699,5
1478388055,699,2.6
1478388490,700,30
1478388504,701,0.79
1478390038,701,20
1478390040,701,10
1478390051,701,20
1478390053,701,10
1478392627,700,20
1478392635,700,20
1478394473,700,10
1478394477,700,20
1478394487,700,2
1478394506,701,10
1478394510,701,12
1478394512,701,8
1478396283,702,1.0256
1478396302,702.5,20
1478396313,702.8,20
1478399843,702.99,20
1478399846,702.99,20
1478399866,701,21
1478399868,701,2
1478399871,701,5
1478399874,701,2
1478399876,701,10
1478401462,700,20
1478401481,703,1.025
1478401495,703,20
1478401527,701,25
1478402804,704,3.685
1478402859,705,2.35
1478402862,706,3.025
1478402865,707,2
1478402902,708,0.9715
1478402902,708,10.9715
1478404920,709,2
1478404920,709,4
1478407508,708,5
1478407511,708,5
1478407513,708,20
1478407528,709,30
1478410588,710,0.2369
1478410588,710,19.7631
1478410658,710,5.2369
1478410658,710,24.7631
1478410667,710,0.2369
1478411082,710,20
1478411084,710,30
1478411258,710,20
1478411260,710,30
1478414861,711,1
1478414877,711,1.086
1478414877,711,17.914
1478414886,711,1.086
1478414905,711.5,22
1478418503,712,2
1478418523,712,3.45
1478418886,710,1.0248
1478420413,711,0.258
1478420415,712,2.235
1478420419,713,2
1478421067,711,2
1478422062,711,2.256
1478422066,710,2.0478
1478422071,709,1
1478422098,711,2.054
1478422898,709,0.01
1478422940,709,0.0025
1478423275,714,2
1478423305,713,4
1478423311,713,1
1478423967,714,0.0001
1478423993,713,0.0002
1478424857,713,1.2478
1478424858,712,3.0578
1478424861,710,1.258
1478424885,711,2
1478426042,712,1.0245
1478426153,712,1
1478426157,712,1
1478426158,712,2
1478426161,712,2.44
1478426164,712,1.15
1478426166,712,4.154
1478426169,712,2.14
1478426172,712,2.456
1478426179,712,0.257
1478426183,712,0.9455
1478426189,712,1.2107
1478426195,712,5.053
1478426197,712,2.023
1478426203,712,1.234
1478426207,712,2
1478430263,711,1.25
1478432011,712,0.9368
1478432011,712,2.0632
1478432018,712,2.035
1478433698,712,2
1478433702,712,1.057
1478433714,712,0.0605
1478437140,712,2.5843
1478438554,710,2.0965
1478439202,709,1.0133
1478442251,712,0.012
1478442295,708,0.012
1478442298,708,1.338
1478442356,707,2
1478442359,706,1.03
1478442388,709,0.012
1478442431,705,0.25
1478442981,706,0.0003
1478466555,706,1.1117
1478466555,707,0.2883
1478470774,707,1.7241
1478470786,707,19
1478470790,707,1.24
1478470809,705.2,22.214
1478474090,707,0.0705
1478474428,707,0.6895
1478474443,708,0.254
1478474505,709,1
1478475012,709,1.2244
1478475018,710,5.247
1478475660,709.31,5
1478475663,709.31,2
1478475672,711,1.21
1478475689,711,1.5
1478476355,710,2
1478478398,710,1
1478478596,710,0.5
1478479644,710,4.2
1478480590,709.31,1
1478480616,709.31,2
1478480625,708,2
1478480634,707.5,1.545
1478480637,707.5,1
1478482295,707,2
1478482296,706.65,5
1478482298,706.12,1
1478482305,706,2.45
1478482313,705.5,3
1478482318,705.2,1.786
1478482331,705,4.75
1478482525,705.21,1.24
1478482525,705.21,5
1478482541,704,1
1478483058,704,2
1478483061,703,2
1478483091,702.3,1.2
1478483826,706,2
1478483840,705,2.15
1478486826,705,1.214
1478487558,705,1.636
1478488107,705,3
1478488533,705.25,2.35
1478489265,705.25,1.65
1478489709,705,1
1478489751,705,1.6
1478493188,705.5,1.55
1478495346,705.5,2.65
1478496011,703,2
1478496015,703,7
1478496551,706,1.25
1478497899,706.35,1.52
1478498143,706.35,0.99
1478498684,704,1.5
1478500722,706.54,2.5
1478502196,706.54,1
1478502204,706.54,0.02
1478502635,707,2.5214
1478502642,707.5,1.054
1478502646,707.5,2.1
1478502650,707.5,0.846
1478502662,708,0.25
1478502688,705.2,1.2058
1478502937,708,1.004
1478502963,708.2,1
1478502973,708.2,0.24
1478503471,707,1
1478503617,707,0.2
1478504102,707,1.8215
1478504106,706,2.0145
1478504129,705,1
1478504136,706,0.001
1478504330,705,0.002
1478504904,706,0.2348
1478504908,707,0.23
1478505291,705,0.2
1478505297,705,1.089
1478512059,705,0.734
1478512107,704.5,2.04
1478512110,705,0.248
1478512110,705,0.752
1478512115,705,2.057
1478512119,704,0.5
1478513120,705,0.002
1478513158,703.5,0.0123
1478513244,705,0.0108
1478513281,703.5,0.0107
1478513459,705,0.01
1478513892,703.5,0.01
1478514135,705,0.0112
1478514171,705,0.0007
1478514771,703.5,1
1478516452,705,2.1563
1478518994,703.5,2.217
1478518999,703,3
1478520948,705,1
1478520957,705,1.2
1478520960,705,2
1478520963,705,3.0152
1478520970,705,0.244
1478520975,705,0.24
1478520979,705,2.11
1478521009,704,1.0116
1478521033,703,1.025
1478521037,703,3.247
1478521040,702.3,2.3
1478521045,701,1
1478522027,703,0.743
1478522034,704,1.001
1478522045,705,1.1908
1478525473,703,2
1478525475,703,1
1478525476,703,4
1478525484,703,3.2111
1478525488,706,1
1478525497,703,0.022
1478528051,703,0.0169
1478528053,702,3
1478528059,701,1
1478532803,701.8,10
1478534326,702,15
1478537986,703,15
1478539397,703.5,10
1478541336,703.9,20
1478541366,705,30
1478545574,705.5,20
1478546690,705,20
1478550276,703,2
1478550276,703,18
1478558572,705,20
1478559826,705,20
1478563240,706,2.0245
1478564140,707,1.024
1478564210,706.22,2
1478564283,707,2.5
1478565142,707.56,4.5
1478569752,707.5,1
1478570999,707.5,2
1478571619,707.5,1.2
1478572901,707,1.2
1478573111,707,1
1478574255,707,1.8
1478574257,707.5,4
1478574271,708,6
1478574274,708.2,1.88
1478574277,709,2
1478574855,709.52,2.564
1478574855,709.52,0.0175
1478579595,710,5
1478579595,710,0.0401
1478581528,710.32,2
1478582077,710.32,1.52
1478582701,710,1.2
1478582706,710,2
1478583516,708,0.2
1478583919,710,0.8
1478583919,710,3
1478586012,710.32,2.98
1478586952,710,6
1478586961,710,4
1478588603,710,1.2
1478588616,708,1.95
1478588632,707.52,2.65
1478588635,707,5
1478588639,706.51,4.2
1478588692,706,1
1478589572,708,1.2
1478590967,706,1.2
1478590970,705.65,2.3
1478590974,705.15,2.12
1478590980,705,2.5
1478590987,704.52,2.65
1478591064,704,3.5
1478591071,703.54,4
1478592355,705.85,2
1478594515,705.85,1.1
1478597299,706,0.5
1478597325,706,2.6
1478597325,706.5,0.4
1478597932,705,0.5
1478598700,704,2.1
1478598700,703.54,0.4
1478600882,706.05,1
1478601697,706.5,1.7
1478601697,707,0.3
1478604099,707,0.19
1478604836,705.75,1
1478608128,707.1,1.54
1478608128,708,0.46
1478608140,708,1.04
1478608140,709.5,0.96
1478610433,709.5,0.54
1478610433,710,0.46
1478610499,709.75,5
1478612603,710.35,0.25
1478612603,711,0.29
1478612603,712,2.188
1478612603,713,0.272
1478615755,713,2.6182
1478615755,714,1.2509
1478615755,715,0.0605
1478615755,723,1
1478615755,726,0.5
1478615755,728,0.5
1478615755,730,1
1478615755,731,0.1
1478615755,734,0.5
1478615755,737,0.1
1478615755,740,0.5
1478615755,740,1.8704
1478615928,720,0.5
1478618417,719,5
1478620645,718.5,0.2
1478620649,718.5,0.8
1478622338,718,5
1478624891,718,5
1478627540,720.3,0.1919
1478629012,720.3,0.5
1478629294,715,0.02
1478629363,720.3,0.005
1478629486,715,0.001
1478629571,720.3,0.009
1478629749,720.3,0.006
1478629957,720.3,0.0006
1478632264,716,5
1478634273,719,20
1478634285,719,20
1478636958,718,30
1478638377,718,20
1478643851,720.3,0.5
1478645561,720.3,0.3
1478645579,717,20
1478645599,717,50
1478649048,715,1.329
1478649144,713.5,1.58
1478649180,713.5,0.92
1478649208,712,1
1478649210,712,1
1478652321,710,1
1478652328,709,2.5
1478652330,708.85,1.75
1478653924,707.5,1.25
1478657682,710,5.5
1478657692,711.2,3.5
1478657728,712,0.5
1478657731,712.2,2
1478657734,712.5,2.1
1478657737,712.85,1.5
1478657740,713,1.5
1478657742,713.6,0.5
1478657746,714,1.6
1478658821,714.2,2.5
1478658824,714.6,2.5
1478658826,715,2
1478658826,715,3.21
1478658844,715.5,1.5
1478658848,715.8,0.52
1478658852,716,2
1478658855,716.5,2.5
1478659361,717,3.2
1478659366,717.21,4
1478660693,718,3.5
1478660696,718.5,2.1
1478660700,719,6
1478660709,720.3,1.4875
1478660773,722,2
1478660832,721.9,2
1478660997,721,2
1478661063,721.25,1.2
1478661343,721.25,3.8
1478661346,722,5
1478662095,722,6
1478662099,723,3
1478662454,725,1.15
1478662456,726,1
1478662501,728,0.75
1478662707,730,1.5
1478663997,728,2
1478664005,727,2
1478665861,727,1
1478667226,730,5
1478667228,732,1.5114
1478667232,732.75,2
1478674137,735.5,4
1478678226,736,0.5
1478679356,736,0.7
1478680224,736.75,1.3
1478684232,736.75,0.2
1478695264,732.2,0.3
1478695268,732.2,0.7
1478695335,732,0.0211
1478695374,732,0.002
1478704636,732,0.5
1478712623,734,30
1478713556,732,0.015
1478713596,732,0.008
1478713835,732,0.0011
1478713869,732,0.0008
1478713963,736.75,0.0246
1478720370,736,20
1478726284,735,10
1478730508,735,5
1478736108,732,2.902
1478736111,731.25,1.26
1478736111,731,1.24
1478736121,731,1.26
1478736121,730.5,3.1
1478736121,730,5.64
1478736124,730,0.36
1478736124,729.15,3.2
1478736124,729,4
1478736124,728.5,2.44
1478736129,728.5,10
1478736132,728.5,10
1478736140,728.5,2.56
1478736140,727,1
1478736140,726,5
1478736140,725,1.44
1478736174,725,2.56
1478736174,724.2,5
1478736174,723,2.44
1478736312,726.5,5
1478736316,727,4
1478736319,727.35,2.8
1478736323,728.5,2
1478736327,729,2
1478738512,729,0.135
1478740189,729,1.865
1478742374,724,4.5
1478742378,723.25,5
1478742417,727,4
1478742421,727.65,2.5
1478742424,728,2
1478742428,729,3.5
1478745315,726,5
1478745500,726,4.3
1478745505,726.5,2
1478745520,726.5,1
1478745520,726.5,4
1478745911,726.5,4
1478747730,726.5,2
1478747751,723.2,2
1478747754,723,0.56
1478747757,722.5,3
1478749839,726.5,4
1478750594,722,4
1478750599,721.25,10
1478750604,721.25,6
1478751194,721.25,6
1478751197,720,4
1478751199,719.11,2.1
1478751201,719,2.5
1478751204,718.52,3.1
1478751206,718,4
1478751208,717.25,1.54
1478751343,723,0.002
1478751734,717,3
1478751738,716.8,2
1478751741,716.8,0.5
1478751744,716.1,2
1478751746,716,3
1478751915,715,0.002
1478753490,721,3
1478753494,721,3
1478756460,722,4
1478756465,723,3.198
1478756767,724,6
1478758513,722,1.22
1478758513,723,2.78
1478760255,718,3
1478760260,717,4
1478761456,716.2,2.5
1478761496,720,1.2
1478761518,716.2,2.3
1478761618,716.2,1.1
1478761993,716.2,0.9
1478762459,720,1.12
1478762805,716.2,0.7
1478762818,716.2,0.99
1478765131,720,0.5
1478765629,716.2,1.9
1478766446,720,0.1
1478767340,720,0.12
1478767360,719,5
1478768944,716.2,0.61
1478768944,716.2,0.62
1478768949,720,0.96
1478768949,720,1.24
1478768969,716.2,1.11
1478770421,716.2,0.0105
1478770439,720,0.2213
1478770475,716.35,4
1478770903,716.2,0.1
1478772968,716.2,1.113
1478772976,720,0.553
1478774159,720,0.0027
1478774188,716.2,0.0114
1478775644,720,0.12
1478775656,720,0.1
1478775667,720,0.11
1478775697,716.2,0.13
1478775899,720,0.13
1478775915,716.2,0.13
1478775954,720,0.14
1478776445,720,0.11
1478779107,720,0.0036
1478790143,717,0.25
1478790590,717,1.0065
1478791867,716.2,0.7751
1478791873,716,2
1478791881,716,1.23
1478792201,718,0.25
1478793386,716,1.77
1478793397,715,1
1478795290,718,0.0001
1478795294,718,1
1478795298,715,0.0001
1478795308,715,2.988
1478795328,717,5
1478795334,717,3
1478795339,717,6
1478795343,717,2
1478795349,717,4
1478796960,715,0.0099
1478796960,715,0.9901
1478797685,715,1.1099
1478797702,716.5,0.1572
1478799587,715,2.045
1478799593,715,3.215
1478799599,715,2.048
1478799621,716,1.258
1478800193,716,1.7887
1478800199,715,1
1478800642,715,1.692
1478800648,714,1
1478800678,715,2.5
1478800683,715,3.05
1478800689,715,5
1478800694,715,2.8
1478800701,715,2.248
1478800707,715,1.111
1478800730,715,0.0254
1478800737,715,3.2656
1478800761,716,1
1478801596,716,1
1478802877,714,1.1
1478803874,716,0.048
1478803878,717,0.5748
1478803881,718,1.9979
1478803933,719,2.054
1478803936,720,0.2694
1478803938,721,6
1478805530,717,1
1478805541,716,2.0574
1478806519,716,2.966
1478806527,717,2.8602
1478808183,718,1
1478820521,718,1.0456
1478820523,719,2.461
1478820527,720,2.0584
1478820530,721,3
1478820532,722,1.2357
1478820534,723,1.22
1478821716,716,2
1478821719,715.21,2.54
1478821719,715.21,3
1478823040,724,4
1478828082,724.25,2.5
1478828082,725,7.5
1478828087,725,5
1478829399,722,1.1
1478829399,722.5,8.9
1478829839,715,2.5
1478831704,721,3
1478831706,722,5
1478831959,721.2,5
1478832237,714.25,5
1478842240,715,3.1
1478842254,722.5,1.1
1478846888,721,6.5
1478846890,722.45,4
1478848849,720,10.1
1478852796,720,0.0116
1478852810,715,1.131
1478856471,720,0.555
1478856477,715,0.53
1478858193,716,11
1478858219,716,10
1478860061,716,0.222
1478862085,716,0.778
1478866763,720,0.0026
1478866782,720,0.0111
1478866804,715,0.0131
1478867441,720,0.0093
1478867460,715,0.007
1478867902,715,0.0015
1478867912,715,0.0035
1478876289,720,1.3104
1478876293,721,7.57
1478876874,718,4.0056
1478877310,717,0.2577
1478877313,716,2.3548
1478877824,721,2.0448
1478878398,720,1
1478879077,717,6.24
1478879108,718,3.2448
1478879246,716,4.2564
1478879542,715,1.3139
1478880016,714.5,1.6
1478880018,714,2.63
1478880475,719,0.1564
1478880494,719,0.8706
1478886825,720,2.004
1478886830,720,0.991
1478886893,717,3.055
1478886896,716,3.055
1478886926,720,3.025
1478886926,720,1
1478888824,717,1
1478888844,720,3.04
1478888848,720,2.0456
1478888853,720,1.0455
1478888859,720,4.056
1478888861,720,4.8129
1478888880,718,1
1478888885,718,5.048
1478888890,718,2.057
1478890168,717,3.247
1478890186,720,1.9556
1478890194,716,0.58
1478890597,716,1.906
1478890599,715,4.025
1478890847,718,1.0248
1478891232,718,2
1478891379,716,5.28
1478891383,716,0.288
1478891390,716,2.58
1478891395,716,3.852
1478892151,718,0.864
1478892169,719,0.2588
1478892171,720,4.2794
1478892742,718,2
1478892746,719,15
1478892751,718,3.28
1478892755,719,0.4
1478892762,719,5.056
1478892769,718,2.5
1478892773,719,6.0478
1478892777,719,15.54
1478892783,718,1.575
1478892790,718,8.486
1478892795,718,4.2637
1478892799,719,2.48
1478892802,718,3.48
1478892807,719,5.4
1478892812,718,4.4153
1478892816,719,0.0762
1478897280,721,2.004
1478899355,720,1.0548
1478899360,720,0.54
1478899363,720,1.84
1478903865,715,1
1478908382,715,2.5
1478908382,715,17.5
1478908399,720,1.6102
1478908403,721,2.04
1478908408,722,2.648
1478910657,722,5
1478913067,721,20
1478915350,720,2.2
1478915350,720,17.8
1478918089,720,2.2
1478918089,720,27.8
1478920510,721,30
1478926788,722.5,2
1478932624,722.1,10
1478932637,722,2
1478935846,720,0.2
1478940042,720,2
1478940079,722,20
1478940080,722,5
1478940088,722,2.3
1478944174,722,2.7
1478944192,722,15
1478944196,722,5
1478946421,719,1.5
1478946421,718,2.5
1478946452,718,1.5
1478946452,717,1.3
1478946479,717,1.7
1478946479,716,1.1
1478946517,716,1.7
1478946525,715,2.5
1478946545,715,2
1478946559,714,3.055
1478946567,713.5,4
1478946567,713,2
1478946575,712.5,2
1478946575,712,2
1478946575,712,2
1478946584,712,2
1478946584,711.5,1
1478946586,711.5,1.5
1478946596,711.1,4
1478946605,710,2
1478948144,710,0.0001
1478961379,713.21,1.52
1478962499,710,0.5
1478963219,713,0.048
1478963787,710,1.4999
1478965010,709.8,1.2
1478966554,709.5,3
1478966612,709.21,0.2
1478968789,710,1
1478968794,710,0.4999
1478968794,711,1.5001
1478968801,711,1.1789
1478968801,712,0.8211
1478968809,712,0.458
1478968812,712,1.0578
1478968818,712,2
1478969648,712,0.0019
1478969880,711,3.0154
1478972567,711,2.1996
1478973726,712,0.9152
1478974520,711,2.59
1478974523,711,3.26
1478974528,711,2.25
1478974533,711,1.9
1478980166,709.21,1.8
1478980169,709,2
1478980171,709,1.2
1478980171,709,2.8
1478980175,709,4.145
1478980262,710,12.547
1478980266,710,2
1478980273,710,4.548
1478980276,710,9.057
1478980281,710,2.0255
1478980283,710,3.156
1478980286,710,4.0564
1478980293,709,4.0548
1478980301,710,1.486
1478980307,710,9.597
1478980315,710,1.7721
1478980315,711,0.2279
1478980324,709,9.0002
1478980324,708.5,2
1478980324,708.1,2.5
1478980324,707,0.8598
1478981460,711,2.8269
1478981463,712,3.1574
1478983804,711,1.258
1478983809,711,6.024
1478983814,711,4.67
1478983818,711,3.25
1478983822,711,1.258
1478983828,711,2.0587
1478986320,711,1.4813
1478986324,712,1
1478988099,712,2.2587
1478989807,713,1.482
1478993342,712,10
1478996966,711,5
1478998534,709,20
1478998554,708.52,10
1479002246,707,1.1402
1479002248,706.35,1
1479002254,705.7,0.75
1479006694,705.5,20
1479009596,706,20
1479013587,707,15
1479015721,706,0.3
1479015731,704.22,1.25
1479015738,703.54,2.85
1479018684,703,2
1479018686,702,3
1479022154,704,2.3
1479022156,705,3.2
1479022172,705,20
1479022173,705,5
1479022176,705,3.5
1479031115,705,0.335
1479037294,701,0.11
1479037296,705,0.1215
1479042910,704,33
1479049307,701,0.39
1479049309,700,3
1479049317,699,2.4
1479050743,702,2.45
1479050746,702,1.247
1479050751,698,0.002
1479050765,701,2
1479050779,698,0.8766
1479050784,695,2.002
1479050786,694,2.683
1479050893,699,1
1479051348,699,1.094
1479052104,700,1
1479052555,700,2.254
1479052556,701,2.2567
1479052865,702,3.56
1479053063,703,2.048
1479053064,704,3.0847
1479053701,705,0.198
1479054048,705,0.8455
1479054049,706,2
1479054049,706,0.0025
1479054055,707,5
1479054787,705,12.78
1479054790,705,4.05
1479054792,705,3.17
1479055149,701,2
1479055153,701,3.44
1479055157,701,1.0254
1479055381,701,1.8186
1479055524,703,1
1479055643,703,1.048
1479056098,704,2
1479056099,704,1
1479056859,704,0.255
1479056859,705,1
1479056859,706,0.745
1479057677,706,1
1479058494,706,0.0003
1479058499,706,0.0036
1479059200,706,1.3069
1479059200,706,9.6931
1479059202,706,5
1479059205,706,3.46
1479060145,706,1.8469
1479060162,707,4.2547
1479060162,707,7.7453
1479060164,707,5.44
1479060167,707,8.156
1479060169,707,11.456
1479060172,707,2.4569
1479060175,707,0.456
1479060177,707,2.56
1479061046,707,1.7298
1479061046,708,1.85
1479061046,709,1.8782
1479061049,709,1.1218
1479061049,710.78,2.9795
1479061190,707,2
1479061194,708,3
1479061263,707,6.488
1479061269,707,2.8
1479061281,706,2.54
1479061289,706,2.5
1479061296,706,4.25
1479061300,706,5.694
1479061315,705,11.558
1479061318,705,4.25
1479061322,705,3.58
1479061337,704,11.6
1479061339,704,8.456
1479061346,704,5.1586
1479061350,704,2.69
1479061365,703,8.844
1479061373,703,9.2123
1479061948,703,1.9437
1479061953,704,2.0954
1479061958,705,0.612
1479061962,706,3.184
1479061967,707,2.712
1479061994,706,1
1479062009,705,2.946
1479062026,704,3.54
1479062031,704,2.1897
1479063227,704,1.8103
1479064190,704,2.45
1479064193,704,2.55
1479064193,705,1.396
1479067568,705,0.783
1479067573,706,3.257
1479068412,702,1
1479068414,705,0.455
1479069718,705,1.8907
1479069721,706,1
1479071366,706,3.456
1479071379,702,4.48
1479071382,707,1
1479071651,707,1.584
1479071816,708,1.155
1479072866,708,11.458
1479072870,708,4.1235
1479072872,708,6.458
1479072876,708,5.167
1479072882,708,2.4568
1479072908,707,4.48
1479072928,707,9.4156
1479073374,706,11.458
1479073376,706,6.454
1479073380,706,4.586
1479073382,706,5.302
1479074071,701,2.78
1479074071,701,9.6756
1479074074,701,6.458
1479074082,701,8.456
1479074085,701,2.876
1479074096,706,2.486
1479075198,705,1.54
1479075200,705,3.48
1479075210,705,2.9635
1479075217,701,1
1479075976,701,1.5344
1479077112,704,2.0165
1479077119,704,8.9426
1479077122,704,2.0409
1479077681,705,0.64
1479078298,705,0.54
1479078741,705,0.8365
1479078752,705.5,0.1075
1479078755,706,1.7288
1479079401,700,2.4
1479080832,701.1,3.6
1479080832,700,0.6025
1479080832,699,0.7975
1479080896,699.5,3
1479082441,699.5,10
1479083434,699.5,1.5
1479083438,699.5,0.5
1479083438,699,0.5
1479084151,699,1.6455
1479084151,699,9.3545
1479086566,704,12
1479086566,705.5,3
1479087286,705.5,3.3
1479087289,705.5,1
1479087292,705.5,0.2
1479088439,705.5,0.3
1479088446,705.5,0.11
1479088453,705.5,3.09
1479088453,707,0.31
1479089978,705.85,2.2
1479089982,705.85,1.01
1479089984,705.85,0.1
1479090623,701.11,6.2
1479090623,700.2,0.1
1479090626,700.2,0.3
1479090629,700.2,0.21
1479091148,700.2,1.2
1479091154,700.2,0.4
1479091755,705.85,1
1479091914,700.2,0.11
1479091921,700.2,1.36
1479092246,700.2,1.2
1479092253,700.2,0.14
1479092259,700.2,3.7
1479092432,700.2,0.41
1479092435,700.2,0.03
1479092438,700.2,0.7
1479093003,700.2,1.25
1479093013,700.2,0.22
1479093837,700.2,0.11
1479093845,705.85,0.1
1479093860,705.85,5.59
1479093860,706,0.61
1479094116,706,11.69
1479094116,707,0.31
1479094488,707,0.4844
1479094488,708,0.0156
1479095458,708,2.3211
1479095458,709,1.8789
1479095470,709,0.1
1479097845,707.23,2.5
1479099871,707.23,2.1
1479099876,707.23,0.21
1479100058,707.23,0.04
1479100062,707.23,0.22
1479100068,707.23,1.6
1479100209,707.23,0.015
1479100231,707.23,0.001
1479100253,707.23,0.0002
1479100439,707.23,0.24
1479100445,707.23,0.5
1479100454,707.23,1.11
1479100845,701.2,1.4
1479100853,701.2,0.04
1479101825,707.23,0.02
1479101829,707.23,0.36
1479101833,707.23,0.147
1479101845,707.23,0.2368
1479101845,708,4.7632
1479102481,708,0.22
1479102487,708,0.64
1479102924,708,0.16
1479104309,708,2.21
1479104316,708,1.13
1479104325,708,0.147
1479104584,708,0.22
1479104595,702,5
1479104994,702,0.33
1479105570,707.36,0.26
1479106623,707.36,2.35
1479106627,707.36,2.14
1479107344,707.36,0.23
1479107348,707.36,4
1479113789,702.5,2
1479113793,702.5,2
1479113845,707.35,1.111
1479113845,707.36,3.1488
1479113849,707.36,3.8712
1479113851,708,4.2598
1479117235,704.25,4
1479121089,704,4
1479121097,703,2
1479121954,703,4
1479121959,702.5,1
1479121961,702,1.17
1479123689,701.2,4.06
1479123689,701.2,2
1479123691,701,4.5
1479123693,700.2,1.56
1479125063,705,4.36
1479125068,705.5,3.54
1479128508,706,1.4
1479130359,706,0.13
1479130412,700.25,3.25
1479130414,700,5
1479130428,699,5
1479130450,706,0.0028
1479130504,699,0.005
1479130530,699,0.005
1479130714,706,0.0072
1479131052,706,0.0027
1479132850,700,1
1479132854,699,2.25
1479133137,699,0.0133
1479133248,705,0.0129
1479133285,699,3.3722
1479135963,698,0.0129
1479136034,700,20
1479136048,705,0.0129
1479136230,698,0.0129
1479136317,705,0.0127
1479136798,698,0.0127
1479136864,705,0.0125
1479140705,698,0.0125
1479141137,705,3.949
1479142193,706,0.012
1479142586,698,0.001
1479142672,706,0.001
1479143104,698,0.012
1479143185,706,0.0121
1479144826,706,3.4322
1479144826,706,16.5678
1479146742,705,20
1479146744,705,20
1479146747,705,10
1479155454,706,3.4322
1479155467,706.58,4
1479155469,707,6
1479155472,708,4
1479155492,708.65,2.36
1479155498,709,0.6659
1479163066,708,15
1479164858,710.78,0.02
1479165463,710.78,0.1
1479165934,705,0.12
1479165937,705,0.1
1479165940,705,2
1479167075,705,1.1
1479167583,710,1
1479167586,710,1.21
1479167588,710,2.7
1479167592,710,8
1479167596,710,1.17
1479169097,710,0.5
1479169100,710,0.12
1479169450,710,0.2
1479169453,710,0.1
1479169453,710.78,0.1105
1479169453,711,0.7895
1479171211,710.99,0.11
1479173225,711,1.2105
1479173225,711,0.1999
1479173225,711.3,0.6896
1479173236,711.3,11.42
1479173242,711.3,0.1114
1479173605,711.3,1.4411
1479173611,711.3,0.1125
1479173614,711.3,1.4242
1479173619,711.3,1.2212
1479174139,711.3,2.11
1479174142,711.3,1.421
1479174148,711.3,0.1132
1479174425,711.3,0.12
1479174429,711.3,1.21
1479174435,711.3,3.9058
1479174435,712,0.3062
1479174519,712,0.11
1479174528,712,0.109
1479174851,711.47,1.0101
1479175402,711.47,1.521
1479175406,711.47,1.0001
1479176144,711.47,1.1212
1479176479,711.47,0.1212
1479176482,711.47,0.14
1479176853,711.47,5.0864
1479176853,712,3.4748
1479176853,713,2.5388
1479176885,713,0.4612
1479176885,714,0.5388
1479177693,714,1.7712
1479177693,715,3
1479177693,716,0.7288
1479177741,716,3.24
1479177745,716,1.0312
1479177745,717,0.4688
1479177887,717,1.121
1479178183,717,0.1101
1479178188,717,1.1101
1479178192,717,0.2122
1479178387,717,0.1401
1479178662,717,0.07
1479179379,717,0.002
1479179383,717,0.312
1479180269,717,0.1
1479180273,717,0.11
1479180277,717,0.2437
1479180277,718.5,0.7563
1479181948,718.5,0.014
1479181955,718.5,1.15
1479181959,718.5,0.14
1479183996,718.5,0.011
1479184000,718.5,1.24
1479184294,718.5,0.0863
1479185028,718.5,0.12
1479185032,718.5,0.141
1479186633,718.5,0.01
1479186636,718.5,0.005
1479187986,718,1.0101
1479187992,718,4
1479188807,718,1.36
1479188811,718,0.256
1479188846,718,2.11
1479188855,718,0.224
1479188861,718,0.001
1479189971,718,1.24
1479189974,718,1.114
1479189977,718,0.003
1479190821,718,1.104
1479190825,718,1.257
1479190832,718,0.012
1479191236,718,0.102
1479191841,718,0.2
1479193146,717.8,1.11
1479193150,717.8,1.441
1479193152,717.8,0.325
1479193157,717.8,1.425
1479193161,717.8,3
1479194409,717.8,7.939
1479194412,718,0.3264
1479194414,718,0.4305
1479194414,718.5,0.3264
1479194414,720,1.245
1479194417,720,0.755
1479194417,720,0.0019
1479194421,721,3
1479194421,721,0.1726
1479195656,716,4.2
1479195658,715.51,5
1479195664,715,2.54
1479195668,715,2
1479198474,715,2.46
1479198482,714,3.655
1479201382,713,4
1479201385,712,6
1479202665,711,0.0005
1479202701,711,1.9995
1479203618,710.15,1.245
1479203744,710.22,0.048
1479203774,710.22,2.5
1479203958,722,0.047
1479206156,710.22,3.452
1479209977,721.99,1.47
1479209977,722,2.953
1479209977,723.1,0.577
1479211334,710,5
1479211337,710,2
1479213697,710.01,1.48
1479213697,710,4.21
1479213697,709,1
1479213697,708.2,2.4033
1479219197,712,2.12
1479219200,711,4
1479223992,712,15
1479225932,716.49,1
1479229770,715,20
1479232308,716.5,3
1479232314,717,4
1479232316,717.5,2.5
1479232320,718,4
1479232370,719.5,4
1479232374,720,10
1479232380,721,8.2
1479235400,720,20
1479235402,720,10
1479235404,720,10
1479235407,720,21
1479235414,720,22
1479235416,720,4
1479235422,720,10
1479235425,720,3
1479246403,719,2
1479246403,719,20
1479246413,718.3,1.5
1479248170,720,20
1479248174,720,20
1479248177,720,20
1479248179,720,10
1479248182,720,30
1479252393,717,4
1479252393,716,1.21
1479252405,716,1.69
1479252405,715,0.53
1479252409,715,4.47
1479252409,714,0.53
1479252413,714,2.47
1479252413,712.6,0.53
1479253941,712.6,0.544
1479253953,712.6,0.114
1479256243,717,0.5
1479256671,717,1.35
1479257727,717,0.77
1479258414,717,0.63
1479258414,718.31,0.61
1479259488,717,8.5
1479259492,717,1.14
1479260024,717,1.14
1479260027,717,2.4
1479260036,717,4.445
1479260319,717,1.332
1479260773,717,5
1479261036,717,0.11
1479261040,717,0.25
1479262295,717,0.013
1479262295,718.32,3.987
1479263656,716.99,2.5
1479263656,717,1.5
1479264129,717,3.3
1479264135,717,2.21
1479264317,715.22,1.61
1479264317,715.21,3.39
1479265096,715.21,7.85
1479265096,714.01,2.15
1479265444,714.01,1.14
1479265836,714.01,1.113
1479267250,714.01,0.01
1479267259,716.85,2
1479270348,714.01,0.32
1479270353,714.01,0.005
1479270359,714.01,0.262
1479270359,713,1.238
1479271014,716.85,1.1
1479271021,716.85,0.01
1479273309,716.85,1.014
1479273311,716.85,0.1
1479274437,713,2.114
1479274442,713,1.112
1479275510,716,5.4
1479276057,713,0.156
1479277214,713,1.2
1479279865,715,1.235
1479281274,713,0.2156
1479281282,715,0.365
1479283202,715,0.365
1479284532,715,0.0025
1479284542,713,0.0039
1479285308,715,0.0041
1479285315,715,0.226
1479291006,715,1.6
1479291054,713,0.6355
1479291054,713,29.3645
1479291056,713,3.5
1479291070,713,2.1355
1479291070,713,0.0845
1479299907,715,0.001
1479299918,715,1.2014
1479299918,715,0.0101
1479299929,716,7.6
1479299932,716.85,0.046
1479299936,717,15.29
1479299944,718.32,1.453
1479299946,719.5,14.5
1479299948,720,11.25
1479299948,720,0.01
1479299993,721,0.02
1479300011,721,2.98
1479300027,722,2.6
1479300028,723.1,1.423
1479300057,724,6
1479300057,725,2.5
1479300057,726,1.5
1479300067,726,3.5
1479300067,727,4
1479300067,727.4,3.5
1479300127,727.4,1
1479300127,728,2
1479300184,728,0.5
1479300184,728.5,1.8
1479300190,728.5,0.5
1479300190,729,3.5
1479300190,730,1
1479300668,730,0.25
1479300668,730,5
1479300668,730,4.75
1479300680,729,100
1479300684,730,15.25
1479300684,731,1.35
1479300684,733,1
1479300684,733.2,2.1
1479300684,734,0.3
1479300700,734,4.7
1479300700,734.1,2.11
1479300700,735,2.5
1479300700,736,5
1479300700,736.75,0.9754
1479300700,738,3
1479300700,740,1.7146
1479300718,740,1.415
1479300867,743,0.1
1479300867,743.8,0.75
1479300867,746,1
1479300867,748,2.6746
1479300867,750,3
1479300867,750,0.047
1479300867,754,0.1
1479300867,757.2,0.25
1479300867,758,0.002
1479300867,759,0.56
1479300867,760,1
1479300867,760,0.5164
1479301462,756,0.0018
1479302252,747,1.99
1479304229,747,1.8
1479310375,749,10
1479311259,750,0.0018
1479311259,755.99,0.1302
1479315638,747,0.1
1479320962,753,2
1479320972,754,2
1479322907,755,0.01
1479323652,755,3.99
1479323654,756,1.9982
1479323656,757,2.2
1479323659,758,5
1479324460,760,9.4836
1479324465,762,2.6
1479324477,766,3.54
1479325117,767,2.36
1479325117,768,1.19
1479325121,768,2.36
1479325123,770,10
1479325764,764,4
1479325813,763,0.0714
1479328416,771,0.0984
1479333600,763,0.8719
1479335944,764,20
1479337631,763,0.0567
1479338695,762,1.55
1479339549,762,0.5
1479341186,762,0.15
1479342183,761,1.5
1479343053,760,1
1479346481,760,2
1479346485,759,2
1479346485,758,1.12
1479346494,758,0.88
1479346494,757,3.12
1479346505,756,1.47
1479346505,755,1.6
1479346505,754,4
1479346505,753,2.5
1479346505,752,1.35
1479346505,751,1
1479346505,750,8.08
1479346547,750,1.92
1479346547,749,1.5
1479346547,748,2
1479346547,747,0.11
1479346547,745,3
1479346547,744,2
1479346547,743,5
1479346547,742.23,4.47
1479348430,767,23
1479348433,769,1.5
1479348433,769,0.5
1479348437,769,0.58
1479348437,770,1.42
1479352937,770,0.133
1479355456,770,0.447
1479355456,771,2.553
1479357059,771,0.3486
1479357059,771,0.0253
1479357059,772,2.6261
1479357062,772,0.3739
1479357062,774,4.6261
1479357073,774,0.3739
1479357073,774.5,4.6261
1479357076,774.5,0.3739
1479358756,775,2.1112
1479361058,775,1.0888
1479364754,747.34,0.0095
1479365005,776,0.0009
1479365038,747.34,0.0009
1479365314,776,0.009
1479366298,777.54,2
1479366317,778.5,1
1479366320,778.5,1.58
1479366325,779,2.5474
1479366332,779,1
1479366894,778,2.4567
1479367487,777,1
1479367746,776,0.02
1479368050,776,0.5
1479368182,776,0.1574
1479368182,777,0.1
1479368638,777,0.3676
1479369069,776,1.0567
1479369182,776,1.2833
1479369182,777,0.0002
1479369915,774,2.497
1479370317,774,0.5576
1479370327,775,1.26
1479370574,776,2.195
1479371099,775,2.4869
1479371215,775,1.6709
1479372511,774,2.9864
1479373377,772,1.65
1479373385,772,0.35
1479373385,774,0.001
1479373825,774,0.0666
1479373825,775,1.2097
1479373825,776,0.17
1479373825,777,0.5537
1479374293,776,2.3689
1479374293,777,0.3251
1479374312,776,1.2
1479375495,776,1
1479375733,775,2.95
1479375744,775,0.1067
1479375864,776,0.0004
1479376263,776,0.9393
1479377319,774,6.164
1479377559,774,1.59
1479377843,774,0.4106
1479379910,774,0.128
1479379928,774,2.028
1479380648,774,1.256
1479381300,770,2
1479381303,770,1
1479381552,767,11.9946
1479381555,767,4.4564
1479381560,767,2
1479381563,767,0.453
1479381565,767,1
1479381868,767,0.096
1479381886,770,1
1479383083,764,2.7846
1479383132,760,1
1479384232,760,0.4523
1479384234,761,1.4546
1479384237,761,1.3024
1479384239,762,1.4546
1479384244,763,3.9643
1479384248,764,1.4552
1479388158,764.6,5.4864
1479388163,764.6,2.4867
1479388168,764.6,4.46
1479388171,764.6,1.464
1479388909,764.6,2.5889
1479388936,765,5.4545
1479388941,765,2.486
1479388946,765,1.46
1479388949,765,2.7558
1479389924,765.2,5.786
1479389930,765.2,8.1564
1479389935,765.2,1.464
1479393598,751,1.5
1479398459,764,0.5
1479398459,764,2
1479398459,764.2,1.2
1479398459,764.5,1.3
1479398465,764.5,1.7
1479398465,765,1
1479398465,766,2.3
1479398469,766,1.1227
1479398469,766.5,3.8773
1479398476,766.5,1.1227
1479398476,767,3.48
1479398476,768,0.3973
1479398481,768,0.6482
1479398481,769,2.478
1479398481,770,0.8738
1479398682,764,5
1479398682,762,3
1479404011,761,3
1479424732,755,1
1479427580,760,1.12
1479428602,760,1.17
1479428821,760,2.71
1479428862,751.1,0.5
1479428862,751,0.17
1479428862,747.33,0.2
1479428862,745,0.12
1479428862,744,1
1479428862,742.23,0.01
1479428873,742.23,0.72
1479428873,741.36,4
1479428873,740.5,5
1479428873,739,0.28
1479428885,739,3.41
1479428885,738,3
1479428885,736.8,1.59
1479437260,757,1
1479446313,755,13
1479453599,753,4.4546
1479453604,753,7.5454
1479454323,740,1.254
1479454323,740,2.0605
1479454329,740,2.4564
1479454334,740,4
1479455815,750,1
1479455817,750,1.4547
1479456632,748,1
1479456638,748,1.467
1479456641,748,0.533
1479459632,754.99,0.5
1479459693,754.99,0.003
1479462169,752,2.4545
1479464287,754.99,0.4404
1479467063,755,2
1479467068,757,2.47
1479467079,757.88,1.32
1479467092,760,14.32
1479472520,762,2.45
1479472529,762,9.4523
1479472532,762,3.45
1479472535,762,11.45
1479472539,762,6.456
1479472541,762,6.7417
1479472563,763,11.4523
1479472568,763,8.5477
1479474893,761,1.547
1479474896,761,11.453
1479474900,761,2.456
1479474903,761,2.544
1479477505,760,11.4
1479477508,760,8.5676
1479477513,760,5.4564
1479477516,760,2.78
1479477521,760,1.796
1479477536,762.5,4.46
1479477539,762.5,8.46
1479477541,762.5,10.456
1479477545,762.5,12.456
1479477547,762.5,4.168
1479499935,751.1,0.0001
1479500019,751.1,0.0001
1479500151,751.1,0.0012
1479502737,763,0.0013
1479507104,763,0.42
1479507142,763,0.0023
1479514227,762,10
1479519735,762.5,20
1479525746,762,5
1479529347,762,20
1479535857,762,20
1479541867,762,0.096
1479542084,760,11.485
1479542087,760,2.486
1479542089,760,8.456
1479542092,760,4.486
1479542099,760,15.456
1479542101,760,7.631
1479542121,761.4,2.756
1479542123,761.4,4.456
1479542140,761.4,4.788
1479547887,751.1,0.0066
1479549352,751,1.2195
1479551958,757,13.7567
1479551961,757,4.456
1479551963,757,8.456
1479551967,757,9.456
1479551970,757,5.4865
1479551973,757,2.46
1479551976,757,3.1564
1479551978,757,2.7724
1479559275,758,15.486
1479559279,758,8.486
1479559283,758,4.456
1479559287,758,10.486
1479559291,758,7.456
1479559293,758,3.63
1479562290,759.1,12.456
1479562292,759.1,8.4564
1479562295,759.1,4.486
1479562299,759.1,5.456
1479562301,759.1,8.4565
1479562305,759.1,6.4564
1479562307,759.1,1.763
1479562308,759.1,4.4645
1479562312,759.1,8.0052
1479562325,752,5.456
1479562341,752,2.544
1479562342,762,0.63
1479562391,762,0.0012
1479568357,751,1
1479568448,755,40
1479573410,760,2
1479573412,760,3
1479573414,760,2.5
1479573417,760,1.1222
1479573419,760,1.58
1479573423,760,2.85
1479573425,760,2.36
1479573428,760,3.88
1479573431,760,2.7078
1479580661,760,10
1479580663,760,2
1479580664,758,5
1479580665,760,4
1479580667,760,5.5
1479580673,758,4.44
1479580675,758,4.45
1479580677,758,6.11
1479580681,760,0.5
1479591475,762,0.0228
1479591475,763,0.0422
1479591506,763,0.0004
1479593066,760,22
1479593075,758,15
1479593097,758,10
1479593099,758,5
1479593100,758,5.6
1479593102,758,5.888
1479593104,758,3.58
1479593107,758,7.85
1479593109,758,4.58
1479593113,758,3.58
1479593115,758,6.922
1479605504,762,20
1479605512,762,20
1479608532,762,20
1479608542,762,50
1479611315,762,30
1479616180,762.9,15
1479619851,760,20
1479619869,762.5,15
1479621818,751.01,0.0012
1479623037,762,11
1479625063,763,0.0011
1479631071,760,12.84
1479631074,760,8.456
1479631078,760,16.5646
1479631081,760,5.456
1479631088,760,6.6834
1479631105,759,5.456
1479631108,759,6.544
1479632579,762.6,5.456
1479632588,762.6,4.541
1479632591,762.6,0.003
1479632659,752,2
1479632663,752,4.4856
1479640587,761.2,9.486
1479640590,761.2,5.456
1479640593,761.2,8.456
1479640596,761.2,10.456
1479640598,761.2,2.46
1479640616,761.2,3.686
1479641053,762.4,5.456
1479641057,762.4,2.156
1479641066,762.4,2.388
1479645302,755,12
1479645306,755,3.48
1479645308,755,0.52
1479645327,760,1.456
1479645330,760,2.467
1479645332,760,1.077
1479647332,762,11.256
1479647336,762,6.4869
1479647338,762,4.46
1479647342,762,2.7895
1479647345,762,5.0076
1479651178,754,2.801
1479651178,754,0.019
1479651178,754,0.0136
1479651509,751,0.74
1479651509,751,0.0018
1479651511,750,1.0458
1479651531,749,4.56
1479651556,745,1.045
1479651557,743,0.5345
1479651559,742,3.4545
1479654516,741,2.45
1479654534,740,3.4831
1479654536,739,1.4556
1479654536,739,1
1479654536,738,1.0014
1479654540,738,2.4556
1479654547,737,2.145
1479654593,755,5
1479672479,750,22
1479672481,750,10
1479672482,750,15
1479672484,750,5
1479672486,750,2
1479672487,750,1
1479672501,744,1.5
1479672503,744,2.58
1479672505,744,5.5
1479672510,744,5.42
1479672513,744,3.214
1479672515,744,5.78
1479672518,744,7.85
1479672520,744,6.156
1479678884,750,33
1479682677,751,3
1479682678,748,3
1479683930,736.8,0.99
1479683930,735,5
1479683930,731.5,0.01
1479686288,731.5,4.99
1479686291,730.2,3
1479689284,730,2.222
1479692440,730,0.778
1479696762,742,1.85
1479697791,729.5,0.21
1479702545,729.5,2.17
1479702990,729.5,0.15
1479702990,728,0.85
1479703574,728,2.22
1479703651,742,0.0044
1479703651,744,0.9956
1479711172,744,0.4744
1479711668,745,1.268
1479712411,728,1.93
1479712411,728,0.048
1479713261,744,0.4
1479713263,744,8.056
1479714905,745,0.0011
1479716178,730,6.0001
1479716205,730,0.216
1479717715,745,3.4849
1479718058,746.5,1.45
1479718064,746.5,0.01
1479718064,746.5,0.44
1479718068,746.5,0.2
1479718090,746.5,0.23
1479718096,746.5,0.25
1479718349,746,3.485
1479718354,746,4.9456
1479718357,746,2.18
1479718564,746,0.955
1479718694,746,2
1479718899,746,1.4344
1479719027,747.22,0.2
1479719256,747.22,0.516
1479719398,747.22,0.001
1479719420,747.22,1
1479719425,747.22,0.283
1479719445,748,0.01
1479719706,748,0.075
1479720155,748,0.1
1479720546,734,2.7896
1479720550,734,4.4486
1479720550,734,0.5
1479720650,748,0.4886
1479720916,734,0.7204
1479721440,748,0.12
1479722219,733,2.746
1479723179,733,2
1479723502,746,0.7106
1479724140,746,0.2
1479724761,746,1.5572
1479725219,747,0.0004
1479726386,746,1.954
1479727865,745,3.456
1479727882,744,2.48
1479728350,744,0.0003
1479728688,733,0.7106
1479728691,732,4.456
1479729568,731,0.26
1479730304,744,0.2951
1479730312,744,0.6814
1479730317,745,0.001
1479730324,745,1
1479733567,745,0.543
1479733573,746,0.1
1479736246,745,0.508
1479736266,746,0.015
1479736269,747,2.4556
1479736272,748,0.2064
1479736282,748.75,1
1479740197,736,0.515
1479740210,736,22.25
1479740219,736,1.35
1479740221,736,15.885
1479745228,737,20
1479753013,740,15
1479757785,748.7,0.84
1479757785,748.75,0.5638
1479759666,748.75,1.9362
1479759666,748.75,20
1479759669,750,1.47
1479759722,750,30
1479764049,750,20
1479768733,751,17
1479769586,752.31,1.7
1479777873,749,2
1479782964,748,10.212
1479787348,748,2.788
1479787348,749,0.22
1479787348,750,3.992
1479790064,750,2.01
1479792668,750,1.114
1479795333,750,0.5395
1479795333,750.87,0.4605
1479798696,750.87,0.3455
1479798715,750.87,0.594
1479798726,752.4,8
1479798734,752.4,2.35
1479798736,752.4,0.65
1479805690,750,5
1479805693,750,2.5
1479805695,750,1.25
1479805697,750,2.25
1479812620,753,0.0009
1479812620,753.15,0.9991
1479812650,753.15,1.0009
1479812650,753.8,11.5541
1479812653,753.8,1.0009
1479813022,755,0.905
1479813045,755,6.295
1479814741,756,0.132
1479823320,756,0.0867
1479823320,756.54,0.3955
1479823351,756.54,2.1345
1479824625,757.53,2.85
1479824625,758,2.4434
1479824644,758,3.1066
1479824649,759,5.35
1479824656,760,3
1479826803,760,0.53
1479826803,760,4.47
1479827215,759.8,30
1479827320,760,0.1
1479828684,751,0.1338
1479834160,753,20
1479834318,760,1.3132
1479836767,759,20
1479840033,759,24
1479854943,758,10
1479856190,760,4.1168
1479856190,761,5.5
1479856190,762,5
1479856190,763,9.5327
1479856190,764,3.8505
1479856197,764,1.1495
1479869200,767,10
1479870651,767,2.32
1479877410,765,0.02
1479879000,765,12.98
1479886398,761,30
1479889225,764.8,0.6525
1479890097,764.8,0.9551
1479890097,766,0.2611
1479890097,767,0.7638
1479890124,767,1.9162
1479890127,768,0.1063
1479891975,762,52
1479891978,762,3
1479896023,768.5,0.125
1479911103,764,20
1479911113,755,11
1479911115,755,5
1479911116,755,4
1479911118,755,2
1479913633,752,30
1479916830,753,22
1479919070,751.01,0.2659
1479919078,749,0.2662
1479921154,750,16
1479921271,757,0.9934
1479924043,756.99,0.2659
1479924043,757,0.5066
1479924043,758,0.2075
1479928099,755,20
1479928405,757,0.7251
1479930909,755,28
1479930921,754,50
1479940229,753.8,20
1479957465,755,2
1479969865,751.49,0.01
1479969869,751.5,1.5
1479969876,752,2
1479970203,747,2
1479970213,747.5,5
1479971415,752.5,2.31
1479971426,753,1.5285
1479975713,753,1.89
1479975724,753,0.5815
1479975734,754,2.12
1479975738,755,4
1479975744,756,3
1479984556,747,12
1479984560,746.5,2.12
1479984955,757,0.0047
1479990804,757,1.19
1479990818,757,1.0802
1479990821,758,1.0925
1479991578,752.5,22
1479995341,759,1.8746
1479995359,759,0.1254
1480001956,760,11.489
1480001959,760,2.486
1480001961,760,8.4565
1480001966,760,1.4564
1480001968,760,4.4645
1480002620,748,2.5
1480005941,755,0.0661
1480005968,747,1.785
1480007122,755,1
1480014038,754,12.46
1480014041,754,4.4688
1480014043,754,9.456
1480014045,754,8.486
1480014048,754,4.786
1480014052,754,3.7869
1480014056,754,2.864
1480021017,747,0.215
1480021029,746,2.6
1480021029,746,1
1480021036,745,2
1480021064,753,16.4687
1480021066,753,5.4867
1480021070,753,9.456
1480021075,753,5.786
1480021077,753,3.456
1480021080,753,8.46
1480021084,753,0.8866
1480021132,750,12.46
1480021139,750,5.456
1480021145,750,6.468
1480021150,750,11.46
1480021156,750,9.864
1480021163,750,1.7846
1480021173,750,2.5074
1480021193,744.14,0.2707
1480021215,748,4.456
1480021232,748,6.456
1480021235,748,7.46
1480021240,748,12.4869
1480021243,748,9.78
1480021246,748,6.46
1480021250,748,7.456
1480021256,744.13,2.94
1480021263,743.66,1.17
1480021268,742.22,0.114
1480021268,741,1
1480021268,740.21,1.5
1480021268,740,0.99
1480021268,739.32,6.396
1480021288,748,8.16
1480021291,748,2.2851
1480021297,739.32,2.254
1480021297,738.5,1.026
1480021297,737,0.0013
1480021297,736.14,1.7187
1480023526,747,11.4
1480023530,747,6.79
1480023536,747,1.0289
1480027601,747,0.7811
1480027601,747,0.2707
1480027609,748.5,0.0013
1480030051,740,0.272
1480033338,738,7
1480034119,737,5
1480038249,737,4
1480041302,738,5
1480042006,736.14,1.6413
1480042006,735.35,3.3587
1480042009,735.35,1.6413
1480042009,735,1
1480042018,734.1,2.115
1480042038,733,1.5458
1480042068,745,2
1480044311,732,2
1480044313,731,4
1480047204,730,5.2699
1480047264,740,4.35
1480047268,740,2
1480047274,740,1
1480051746,740,2.65
1480051750,741.1,2
1480051752,741.1,2.25
1480051754,742,2
1480051792,743,2
1480053678,743.99,0.272
1480053682,744,3.1
1480054874,729.01,1.09
1480056595,744.99,0.8172
1480057033,729.01,0.8
1480069607,733,0.274
1480070799,735,0.001
1480070916,735,0.0015
1480070963,735,1
1480070978,735,0.0015
1480071027,735,0.2
1480071037,735,0.12
1480071045,735,0.78
1480071078,735,1
1480071097,735,1
1480071158,735,1
1480071220,739,0.1001
1480071240,735,0.1
1480071305,735,0.1
1480074454,739,0.1779
1480074454,744.99,0.3328
1480074454,744.99,0.8
1480074454,745,0.0839
1480074463,745,0.2761
1480074471,746.1,2.1
1480074476,747,3.25
1480074478,748,2
1480084484,738,10
1480084486,738,8
1480084494,738,2
1480084751,746,0.006
1480084751,749,0.6243
1480087739,749,1
1480088226,749,0.6
1480088242,749,0.6427
1480088250,750,5.15
1480088254,750,1
1480089153,750,0.31
1480089153,751,2.983
1480089153,752,1.07
1480089153,753,0.5768
1480091704,753,2.2092
1480091923,754,2.2
1480091932,754,1.4923
1480091936,755,1.3999
1480091951,756,0.05
1480091958,756,4.4064
1480091958,756,0.1013
1480091961,757,1.0456
1480091972,758,3.4245
1480091978,759,2.593
1480099508,759,6.45
1480099510,759,2.46
1480099516,759,1
1480102989,759,0.92
1480103059,759,0.0002
1480103075,759,1.1698
1480109274,760,0.0016
1480113228,759,3.46
1480113230,759,4.456
1480113242,758,9.456
1480113245,758,0.4
1480113247,758,5.456
1480113264,755,12.46
1480113266,755,3.54
1480113276,757,2.45
1480113280,757,6.45
1480113284,757,3.45
1480113298,756,6.45
1480113301,756,4.456
1480113305,756,3.48
1480113308,756,2.46
1480113311,756,0.9456
1480113314,756,1.456
1480113692,750,12.46
1480113696,750,8.464
1480113699,750,9.456
1480113703,750,11.456
1480113709,750,6.4567
1480113713,750,7.4564
1480113719,750,4.456
1480113725,750,9.4645
1480113728,750,0.46
1480113731,750,9.8704
1480116810,749,20
1480118736,752,30
1480120647,751,20
1480123496,750,20
1480125029,749,5
1480125041,750,11
1480126380,749,2
1480126392,749.5,3.5
1480126444,752,1.2
1480128254,752,1
1480128291,752.5,5
1480131315,753,1.33
1480132855,753,2
1480132862,752,2
1480133702,753,20
1480136198,750,1.9
1480136198,751,1.1
1480136200,751,0.5
1480136200,752,2
1480136200,753,0.5
1480136205,753,2.5
1480137829,754,0.2
1480140920,754,0.5
1480145505,754,0.1323
1480145539,745,3
1480145539,744,2.36
1480145539,743,1.65
1480145539,742,1.99
1480149099,742,0.31
1480150762,754,0.2644
1480150977,741.01,0.2644
1480156482,741,0.277
1480156482,740,3.65
1480156482,738,1.073
1480156495,738,0.427
1480156495,737,1.573
1480160750,737.01,0.81
1480160750,737.01,0.1
1480160750,737,0.427
1480160750,737,0.663
1480161374,747,0.1
1480161922,747,0.177
1480161922,748.49,1.18
1480161922,748.5,0.5049
1480170159,737,1.937
1480170177,734.56,2.54
1480170177,733.55,2
1480170177,732,5.46
1480170181,732,2.54
1480170181,731,5
1480170181,730,0.006
1480170181,729,2.454
1480170214,729,0.6508
1480170214,728,2.458
1480170214,728,0.2
1480170214,728,0.0014
1480170214,727,1
1480170214,726,2.6898
1480170231,726,1.3102
1480170231,725,5
1480170231,724,3.6898
1480173705,724.01,1.1
1480173705,724.01,0.1
1480173912,724,0.3102
1480174213,723,1
1480174236,737,2.4855
1480177681,738,1.456
1480177681,739.9,0.794
1480177686,739.9,1.456
1480177690,740,5.2
1480179759,730,4.45
1480186959,731,0.0005
1480190431,731,1.4555
1480197936,743.8,1.5
1480197941,745,1.14
1480197954,746.5,1.456
1480198013,735,5.456
1480200240,743,2.46
1480201426,744,20
1480204991,745,2.2
1480205003,746,2.9
1480205010,746.5,2.544
1480207924,745,5
1480209215,744.86,1.5
1480213469,744,5
1480213954,743,2
1480213956,742,3.2
1480216143,740,2
1480218288,741,20
1480218297,741,30
1480218761,745,0.1339
1480222602,745,1
1480222606,745,0.5
1480227468,745,0.8661
1480227472,746.97,0.88
1480229011,745.8,2
1480229012,745.8,2
1480229014,745.8,3.5
1480229019,745.8,1
1480229036,745.8,3.632
1480229040,745.8,2.25
1480229044,745.8,5.618
1480229464,738,1.1
1480229488,737,3.22
1480229491,736,2.14
1480229521,735,2.0006
1480229524,734,4.456
1480229603,733,2.46
1480236756,732,4.46
1480236760,731,1.46
1480238194,730,2.006
1480243802,729,3
1480246361,729,0.456
1480246361,728,0.544
1480253342,741,0.596
1480253342,741,0.0357
1480253342,742,1.023
1480253342,743,2.1
1480253342,744,0.2453
1480256096,744,1.0797
1480259331,745,0.235
1480259340,746,2
1480259342,747.6,1.58
1480259345,748.5,0.4951
1480261920,748,1.456
1480265951,747.99,2.2
1480265987,745,5.786
1480265993,745,2.78
1480265995,745,11.786
1480265998,745,6.48
1480266001,745,8.486
1480266006,745,8.456
1480266008,745,9.486
1480266012,745,5.486
1480266017,745,1.254
1480267907,746,9.456
1480267910,746,5.486
1480267913,746,7.46
1480267916,746,5.786
1480267919,746,9.456
1480267922,746,5.486
1480267925,746,6.87
1480269307,748,0.1067
1480278942,737,0.281
1480278942,736,0.719
1480278964,736,0.737
1480278964,735,2.486
1480278964,734,1.777
1480278973,734,0.709
1480278973,733,4.291
1480279003,733,0.195
1480279003,732,1.456
1480279003,731,2.486
1480279003,730,3.863
1480279012,730,1.137
1480279012,728,1.9205
1480279012,727,4.48
1480279012,726,1.486
1480279012,723,2
1480279012,722,5
1480279012,721,3
1480279012,720,3
1480279012,719,3
1480279012,719,0.1
1480279012,718,4.8765
1480282938,724,1.46
1480288602,725,1.4869
1480288605,725,0.9691
1480288605,726,0.4809
1480288607,726,0.9691
1480288610,727,1.456
1480288615,727,0.0309
1480288615,728,1.4251
1480288659,728,0.0309
1480288659,729,2.7551
1480288662,729,0.0309
1480288662,730,1.4191
1480288664,730,0.0309
1480288667,731,4.34
1480288687,732,3.456
1480297218,733,1.456
1480297218,734,0.544
1480297226,734,1.02
1480297226,735,1.6253
1480298373,735,0.27
1480300649,735,0.75
1480300649,736,1.71
1480300652,736,0.75
1480300652,737,1.71
1480300657,737,0.75
1480304388,738,2
1480313588,738,3.756
1480315998,739,2.45
1480315998,740,0.3067
1480316001,740,2.45
1480316001,741,3.0056
1480316006,741,2
1480316009,741,0.45
1480316416,736,2
1480316416,735,2.5
1480316416,734,2
1480316416,733,2.1
1480316416,732,1.4
1480316438,732,2.6
1480316438,731,2
1480316438,730,5
1480316438,729.5,0.4
1480318708,742,0.012
1480319242,742,0.067
1480321821,742,1.34
1480328228,742,0.037
1480328228,743,0.0029
1480331981,730.1,0.0004
1480333838,743,0.1
1480333884,743,2
1480334622,743,0.3471
1480334622,743,0.281
1480334622,745,0.2439
1480336658,745,0.0669
1480339258,745,0.769
1480340186,745,1.4002
1480340186,745,0.005
1480340186,746,1.0047
1480342238,745.99,2.27
1480342238,746,0.08
1480342295,746,0.1599
1480345293,745,20
1480350930,746,0.4004
1480350947,747,2.456
1480350954,748,0.133
1480350968,748,0.7683
1480353389,747.5,0.5
1480353419,748,5
1480356346,747,2.5
1480362440,749.7,0.13
1480363592,749.7,0.87
1480363592,749.8,0.594
1480363671,749.8,0.0004
1480365802,748,18
1480365821,748.15,1
1480365824,748.15,1.5
1480365826,748.15,2.5
1480368886,748.8,5
1480368888,748.8,2
1480368890,748.8,2.5
1480368893,748.8,2.6
1480368897,748.8,1.5
1480368902,748.8,1.1
1480368905,748.8,0.3
1480374406,748,1.5
1480377472,735,0.75
1480377472,732,1
1480377472,732,0.25
1480386687,746,1
1480386737,732.01,2.3
1480409178,738,0.75
1480409181,738,10
1480409184,738,5
1480409186,738,1
1480409188,738,3
1480409189,738,0.25
1480412232,744.79,0.0677
1480414414,744.79,0.262
1480415058,744.79,0.67
1480422058,739,2
1480422060,739,2.57
1480422062,739,5.43
1480427933,742,5
1480427935,742,5.54
1480427936,742,2.45
1480427939,742,3.4587
1480427941,742,3.5513
1480429483,744.78,0.402
1480430466,744.78,1.901
1480430466,744.8,0.629
1480430473,744.8,9.371
1480430486,745,2
1480430486,746,2
1480430549,747.25,0.0149
1480430557,747.25,2.9851
1480430557,748,4.0149
1480430567,748,0.9851
1480430567,749.8,1.0149
1480433055,748,1
1480433057,748,2
1480433059,748,1
1480433060,748,0.2
1480433063,748,0.5
1480433065,748,0.3
1480435394,749,2
1480435396,749,2.2
1480435398,749,2.1
1480435399,749,2
1480435401,749,1.7
1480437039,749,1
1480437041,749,1.5
1480437042,749,2
1480437044,749,0.5
1480440868,748,5
1480440869,748,2
1480440870,748,3
1480440872,748,4
1480440874,748,1.5
1480440876,748,5.5
1480442490,736.2,0.0318
1480442599,735,1
1480442615,732,0.0816
1480444341,747,2
1480444342,747,3
1480444343,747,5
1480445962,745,5
1480445964,745,5
1480445965,745,10
1480450276,748,5
1480450278,748,3
1480450279,748,2
1480453799,748.5,2
1480453803,748.5,2.54
1480453806,748.5,1.65
1480453808,748.5,5
1480453810,748.5,1
1480453812,748.5,2
1480453814,748.5,0.81
1480455189,748,5
1480455191,748,2
1480455192,748,2
1480455194,748,1
1480457666,747,5
1480457667,747,5
1480457668,747,5
1480460610,732,0.6684
1480460610,731,0.2862
1480460610,731,0.005
1480460610,730,0.01
1480460610,730,1.0304
1480460612,730,0.9696
1480460612,729.5,1.0304
1480460641,746,2
1480460643,746,3
1480460645,746,5
1480461354,729.5,0.0001
1480461421,730,0.0004
1480461532,746,0.0004
1480461606,730,0.0001
1480461934,746,0.0001
1480462931,730,0.0001
1480463300,746,0.0001
1480463312,730,0.0001
1480464906,731,0.5
1480466983,732.05,1.5
1480466998,732.05,0.5
1480468618,746,0.0002
1480468618,746,0.2863
1480468618,749.77,0.2474
1480479202,730.57,0.043
1480479756,749.77,0.0417
1480485317,730.61,1
1480485586,731.5,0.5
1480491528,731,2.56
1480491538,731,4.156
1480491544,731,1
1480492541,734,6.156
1480492545,734,4.56
1480493168,737,2.156
1480493173,737,2
1480497651,745,1.456
1480497656,745,0.544
1480497862,746,0.0014
1480497862,749.8,0.7907
1480497862,749.9,0.005
1480497862,750,0.1733
1480497948,750,3
1480497970,750,3.4586
1480497975,750,5.3681
1480497975,750,0.005
1480499575,749,1.256
1480499577,749,1.744
1480500394,750.01,0.001
1480501214,750,3.84
1480502172,741,0.0014
1480502172,738,0.2606
1480505598,738,0.0289
1480505647,739,2.46
1480505653,739,3.456
1480508102,739.01,2.6
1480512054,748,0.0051
1480513689,742,1.456
1480513695,742,1.486
1480519281,748,0.2844
1480519281,748.01,0.0014
1480519281,750,0.628
1480519281,750.01,0.0489
1480519281,750.01,0.0018
1480519281,750.01,0.492
1480524673,749,5
1480524674,749,2
1480524675,749,2
1480524678,749,7
1480525554,740,0.4651
1480526834,739.5,2
1480526835,739.5,1
1480526837,739.5,1
1480526838,739.5,1
1480530230,739.02,0.293
1480530230,739.01,0.01
1480530230,739,0.552
1480531592,738.98,0.01
1480531592,738.99,0.053
1480531592,739,0.951
1480532532,738.99,0.069
1480532553,738.9,6
1480532555,738.9,2
1480532556,738.9,4
1480532560,738.9,2.35
1480532563,738,0.0014
1480532564,738,1.35
1480532573,738,1.2
1480532746,737,0.0014
1480534262,738,0.0001
1480544837,748,10
1480544838,748,2
1480544839,748,2
1480544841,748,6
1480548618,749,0.0779
1480548620,749,0.1
1480548622,749,0.1151
1480548624,749.42,0.1
1480548626,750.01,0.0779
1480551303,739.01,0.0015
1480555023,752,0.0029
1480556528,739.01,0.2962
1480556528,739,4
1480556578,738.5,3
1480560507,751.9,0.2977
1480560511,751.98,0.3634
1480560517,752,2.4971
1480565232,752,4
1480565236,753,1.36
1480569231,752,2
1480569231,753,2
1480569235,753,0.32
1480569240,754,3
1480569240,754,2
1480571379,755,5
1480574616,741,0.0001
1480577506,752,5
1480577509,752,3
1480577510,752,3
1480577512,752,4
1480577514,752,5
1480578968,755.99,0.05
1480578968,756,0.7524
1480578968,756,3.1976
1480578972,756,0.8024
1480578989,757,1.65
1480579128,741.02,0.37
1480580316,747.25,0.0086
1480582426,741,0.3019
1480583443,745,3
1480584008,745,5
1480585282,753.4,0.302
1480585282,753.48,0.0085
1480585282,754,0.1
1480585282,757.99,0.37
1480585282,758,0.6623
1480585853,747.25,0.0086
1480590158,757.94,0.0085
1480590158,757.95,0.06
1480590158,757.97,0.0365
1480590353,757.97,0.15
1480590532,755,7
1480590547,747.25,0.0086
1480591210,745,2
1480591212,745,8
1480591870,757.96,0.0085
1480591870,757.97,0.0715
1480593959,752,5
1480593961,752,2
1480593962,752,3
1480593963,752,1
1480593964,752,1
1480593966,752,8
1480596303,748,2
1480596303,748,2
1480596305,748,1
1480600047,750,1.33
1480600777,747.47,0.0009
1480605326,756,4
1480605476,757,0.006
1480605487,757,3
1480605651,757,0.0003
1480605660,757,8.9937
1480607454,750,3.4
1480607457,750,2.4
1480607460,750,2
1480607463,750,1
1480607468,750,0.154
1480607471,750,1.446
1480607471,749,0.132
1480607471,747.47,0.0077
1480607471,745,2.46
1480607471,740.06,0.38
1480607471,740.05,0.1
1480607471,740,0.0018
1480607471,740,0.308
1480607471,740,0.6145
1480609983,753,0.455
1480609983,753,11.001
1480609985,753,8.48
1480609987,753,9.456
1480609990,753,5.486
1480609994,753,2.46
1480609999,753,2.9374
1480616275,753,0.1796
1480618980,750,1.7856
1480618980,750,2.7744
1480618986,750,5.46
1480618990,750,6
1480632056,754,11.46
1480632058,754,6.486
1480632064,754,8.46
1480632066,754,6.468
1480632068,754,9.456
1480632070,754,10.4556
1480632074,754,7
1480632075,754,1.2144
1480632079,750,1
1480636785,754,0.0085
1480636790,754,3.7771
1480636790,756.99,0.0085
1480636790,757,0.308
1480636790,758,0.1
1480636790,759,0.8064
1480636805,759,0.0431
1480636805,760,0.0018
1480636805,762,1.2
1480636805,763,2
1480636805,764,1.7551
1480636813,764,2.2449
1480639527,765,3.8
1480639527,765,0.1
1480639527,765,0.0001
1480639531,766,5
1480640052,764,0.0001
1480641011,764,1.9999
1480641011,765,2
1480641011,765,8.0001
1480641027,765,1.9999
1480641027,766,4
1480641027,767,1.0001
1480641031,767,0.9999
1480641031,767,0.08
1480641031,770,0.5862
1480641031,771,0.3339
1480641041,771,0.2147
1480641041,771,0.02
1480641041,772,4.456
1480641041,773,0.3093
1480642774,773,2.0777
1480642774,774,1.934
1480642774,775,0.9883
1480643432,775,0.2787
1480643432,776,2.359
1480643432,777,1.1604
1480643432,778,0.2019
1480647293,778,0.8461
1480647293,778,0.2
1480647293,779,1.4526
1480647293,780,2.5013
1480653142,761.01,0.1339
1480653504,779.99,0.1301
1480658497,761.05,0.0001
1480662343,779,0.0001
1480662814,768,5
1480663136,779,0.1338
1480663176,780,0.7362
1480663199,780,5.7625
1480663211,780.5,5
1480663279,782.5,3
1480663279,785,2
1480663283,785,3
1480663331,785,0.0006
1480666989,768.86,0.0001
1480667648,785,0.05
1480667751,785,0.01
1480672506,779,10
1480672507,779,10
1480674132,771.05,0.0441
1480676081,777,5
1480679759,780,10
1480680084,775,5
1480680127,772.01,0.13
1480680127,772,0.1259
1480682476,782,2
1480682980,772,0.2
1480688949,783,0.001
1480688949,784.45,0.0058
1480689648,780,5
1480689709,784.45,0.0002
1480696091,784.45,0.0052
1480696266,784.45,0.0288
1480696266,785,0.1434
1480696266,789.8,0.1
1480696266,789.98,0.01
1480696266,790,2
1480696266,790,0.1
1480696266,793,0.0178
1480696287,793,0.0013
1480701289,792,11.44
1480701292,792,9.486
1480701294,792,5.46
1480701300,780,1.95
1480701300,771.05,0.0358
1480701300,768.86,0.0065
1480701300,767,2.45
1480701300,766,0.0177
1480701311,792,10.614
1480703418,766.01,0.0099
1480708525,786,0.0099
1480708525,786.86,0.0064
1480708525,793,0.1055
1480708525,799.79,0.01
1480708525,799.8,8.5953
1480713670,799.8,0.5
1480716150,799.8,0.3337
1480716150,800,0.1373
1480716170,800,9.8627
1480719931,800,2
1480723493,795,22
1480723494,795,5
1480723496,795,2
1480723497,795,3
1480723499,795,3
1480727403,794.5,5
1480727405,794.5,2
1480727406,794.5,2
1480727408,794.5,1
1480731679,793,5
1480731680,793,1
1480731682,793,1
1480731684,793,1
1480731699,793,2
1480734390,794,1
1480734392,794,2.5
1480734393,794,5
1480734396,794,0.5
1480734398,794,1
1480740314,794,5
1480744717,786,5
1480745177,784.99,0.014
1480745213,784.99,0.0072
1480746172,783,13
1480755633,776,0.0186
1480756923,779,10
1480759223,780,10
1480759434,784.99,0.0096
1480759649,776,0.007
1480765728,780,2
1480765735,778,5
1480773621,784.99,0.0001
1480774299,778,5
1480774309,782,11
1480775113,784.99,0.007
1480776896,781,10
1480777692,780,10
1480781378,776.05,0.0072
1480781378,776.04,0.0849
1480783398,776.04,0.0395
1480794086,780,0.241
1480796644,770,0.0013
1480799018,780,0.005
1480799043,780,2.5396
1480799043,780,3.6038
1480799046,780,1
1480799048,780,1
1480799051,780,2.45
1480799054,780,3.456
1480799056,780,2.4586
1480799058,780,4.456
1480799061,780,2.456
1480799063,780,5.456
1480799066,780,3.456
1480799068,780,2.456
1480799071,780,1.456
1480799076,780,5
1480799078,780,1.2956
1480805050,782,12.456
1480805053,782,4.456
1480805056,782,3.456
1480805061,782,2.456
1480805063,782,6.456
1480805070,782,17.456
1480805073,782,8.456
1480805079,782,6.446
1480805083,782,2.456
1480805085,782,5.456
1480805087,782,6.456
1480805091,782,7.3453
1480805095,782,2.456
1480805099,782,4.456
1480805102,782,5.456
1480805106,782,4.2807
1480816967,783,5
1480816969,783,2
1480816970,783,3
1480816971,783,1
1480816973,783,1.5
1480816975,783,2
1480816978,783,5
1480816980,783,0.5
1480818984,784,0.004
1480818984,784.95,1.342
1480818984,784.96,0.0071
1480818984,784.97,0.1469
1480819549,784,1.5
1480819550,784,2
1480819552,784,2.5
1480819554,784,5
1480819556,784,3
1480823511,783,2
1480823512,783,2
1480823514,783,1
1480828482,782.8,2
1480828483,782.8,1
1480828485,782.8,3
1480828506,782.8,5
1480828508,782.8,2
1480828510,782.8,2
1480831826,782,2
1480831827,782,1
1480831829,782,1
1480831830,782,1
1480837701,780,5
1480837713,775,5
1480837714,775,3
1480837715,775,2
1480839367,775,10
1480848369,780,3
1480851717,770.01,0.0001
1480851899,781.99,0.4913
1480854413,778,10
1480857276,775,7
1480861350,781.99,0.0177
1480861910,770.01,0.0071
1480861910,770,0.004
1480861910,768.06,0.0243
1480862515,780,3
1480862518,775,5
1480865052,780,0.0071
1480865052,781.98,0.0243
1480865052,781.99,0.1686
1480867786,770.01,0.35
1480867786,770,1.8
1480867792,770,11.56
1480867796,770,6.456
1480867799,770.01,0.35
1480867799,770,2.21
1480867805,770,4.54
1480867810,770,9.46
1480867814,770,4.156
1480867817,770,6.45
1480867823,770,3
1480867826,770,0.36
1480876230,770.1,0.0072
1480876230,770,0.008
1480876230,768,0.1
1480876230,768,0.1848
1480881833,768,0.0002
1480881833,766.02,0.1
1480881833,766.01,0.3082
1480881833,766,0.0916
1480881853,766,0.3584
1480881853,766,0.016
1480881853,765.03,0.3
1480881853,765,2.33
1480881853,765,0.49
1480881853,764,0.5056
1480881865,764,1.5944
1480881865,764,0.1
1480881865,763,0.3056
1480882125,763,0.1
1480884820,775,0.1272
1480889398,765,1.46
1480889777,762,0.1272
1480889777,758,0.8728
1480889777,758,1.1272
1480889777,757.5,0.8728
1480889796,757.5,1.4772
1480890892,757.42,0.0096
1480890892,757,0.9904
1480890906,757,1.2196
1480890906,757,0.035
1480890908,756,2
1480891227,758,1
1480891996,758,1
1480892003,760,0.256
1480892098,760,0.2988
1480892233,760,0.5
1480892238,760,0.9452
1480896224,755.01,0.9982
1480898594,779,0.0026
1480911838,755.01,0.25
1480911841,755.01,0.6518
1480911841,755.01,0.24
1480911844,755,0.25
1480912841,754.21,3.1
1480912846,753,1
1480912850,752,6
1480916595,750,0.0126
1480916600,750,0.0126
1480916602,750,0.7404
1480916602,750,0.0018
1480916604,749.77,0.0126
1480916608,747,2
1480919108,772.96,0.015
1480921880,750,3.462
1480921882,750,16.538
1480922042,771.98,0.028
1480922042,771.99,0.35
1480922042,772,0.3056
1480922042,772.95,2.0938
1480924348,770,5
1480924357,758,10
1480925024,772.98,0.3347
1480925024,772.99,1.368
1480925024,773,0.1281
1480925024,774,2.1692
1480929167,765,10
1480929960,767,11
1480930228,773.98,0.1225
1480930481,765,5
1480930622,773.97,0.0003
1480930622,773.98,0.0027
1480930858,773.98,0.061
1480931194,771,3
1480933013,767,4
1480933535,767,2
1480933692,761.5,0.02
1480937237,761.5,0.2925
1480937237,761,0.131
1480939790,761,0.5742
1480939790,765,5
1480950272,766,10
1480950273,766,5
1480950275,766,2
1480950276,766,5
1480950277,766,5
1480954331,770,5
1480954520,771.99,0.3125
1480954520,772,2
1480954520,773,0.131
1480954520,773.97,0.1381
1480954520,773.98,0.0033
1480954801,762,0.1325
1480954801,758.47,0.0073
1480954801,750.01,0.35
1480954801,750,0.7399
1480956539,750,0.2601
1480956539,748.25,0.93
1480956539,748.17,0.0097
1480956539,747,0.02
1480956539,745.07,0.35
1480956539,745.06,1
1480956539,745,2.4302
1480956541,745,0.0198
1480956541,743.57,0.0127
1480956541,742,1.45
1480956542,741.9,0.0165
1480956542,740.01,0.2449
1480956542,740,1.2561
1480958505,770.99,0.045
1480958505,771,0.0473
1480959471,771,0.0004
1480960908,749.57,0.0097
1480963383,765.99,0.35
1480963383,766,0.65
1480963402,766,2
1480963404,766,2
1480963406,766,1
1480964893,766.5,2
1480964895,766.5,2
1480964897,766.5,3
1480970243,766,2
1480970244,766,1
1480970246,766,2
1480970248,766,5
1480970969,755,0.0019
1480971783,767.98,0.0018
1480976939,766,5
1480976940,766,2
1480976942,766,3
1480979357,755,0.0319
1480979702,765,2
1480979703,765,2
1480979704,765,2
1480982098,755,0.0912
1480989027,755,0.0001
1480992096,755,0.3199
1480998731,750.01,1
1480998731,750,1
1480998746,746,4.5
1481002918,762.99,0.0006
1481006894,746,0.0096
1481011025,755,0.0848
1481011025,762.99,0.2114
1481011025,766.77,0.35
1481011025,766.78,0.918
1481013987,766.76,0.009
1481014179,765,1.5
1481020082,766.76,0.05
1481021140,766.76,0.176
1481021140,767.98,0.0077
1481021140,773.99,0.3163
1481021204,758,0.2111
1481021721,759,0.0097
1481021818,773.98,0.0096
1481021818,773.99,0.0094
1481021933,759.61,0.0097
1481021954,760,0.133
1481022074,758.5,0.392
1481022074,754,0.2167
1481022111,773.98,0.0096
1481022111,773.99,0.1963
1481022542,773.99,0.05
1481023858,773.99,1.48
1481031953,755.01,0.001
1481036507,768,5
1481036509,768,2
1481036510,768,1
1481036511,768,2
1481040186,769.99,0.0311
1481043417,769,5
1481043419,769,1
1481043420,769,2
1481043421,769,2
1481047950,755.01,0.2135
1481047950,755,0.0097
1481047950,754.01,0.35
1481047950,754,1.4268
1481047952,754,1.3565
1481047952,752,0.923
1481047952,751,0.142
1481047952,746.94,0.0128
1481047952,746,0.4904
1481047952,746,0.2633
1481047952,740.22,1.812
1481047976,767.99,0.3498
1481047983,768,5
1481047997,768,5
1481061090,764,5
1481061092,764,3
1481061094,764,5
1481061095,764,4
1481061097,764,1.5
1481061099,764,2
1481061103,764,1.5
1481061104,764,5
1481061107,764,3
1481078585,762,10
1481078706,762,1.25
1481078706,763,1.75
1481082870,753.52,0.0131
1481084098,763,0.25
1481084098,763,5
1481089650,763,0.2488
1481093582,762,3.545
1481095221,754.03,0.35
1481095250,760,1.264
1481096231,762.97,0.0051
1481096966,761,2
1481097203,761.5,1.469
1481098018,755,1.2349
1481098811,759.6,1.4
1481099490,761,1
1481099494,761,1.56
1481099925,762,1
1481101473,762.9,1
1481101963,760,2.34
1481102997,762.9,1.5
1481103342,762.94,0.0003
1481104330,762.94,0.1417
1481104330,764,0.001
1481104330,764,0.001
1481104330,766.99,0.2145
1481104330,766.99,0.0014
1481104330,767.99,2
1481104627,766,0.3596
1481104630,767,2
1481106144,762,0.001
1481106144,763,0.0009
1481106149,761,0.0019
1481106170,763,0.0001
1481106170,764,0.001
1481106170,765,0.001
1481106170,766,0.001
1481106170,766.98,0.35
1481106170,767,0.001
1481106170,768,0.1659
1481106183,768,1.8341
1481106183,768,0.001
1481106183,769,0.002
1481106183,769,0.5296
1481106183,770,1.6333
1481106199,770,0.52
1481106210,770,0.52
1481106226,770,0.52
1481106230,770,0.52
1481106422,770,0.52
1481106455,770,0.52
1481108250,762.94,0.1017
1481109130,760,0.67
1481109137,760,0.33
1481109179,758,0.0019
1481109179,755,0.0019
1481109179,754.04,0.0112
1481112871,760,2
1481113210,764,0.0009
1481113210,765,0.001
1481113210,766,0.001
1481113210,767,0.0009
1481113210,768,0.0009
1481113210,769,0.001
1481113210,769.99,1.4943
1481113229,769.99,0.1277
1481113229,770,1.3723
1481113236,770,1.5
1481113248,770,0.52
1481113271,770,0.218
1481114889,770,0.001
1481118115,765,1.145
1481122925,769.99,0.8
1481123843,766,2
1481123846,766,5
1481123848,766,1
1481123850,766,4
1481123853,766,3
1481124016,765,0.3
1481124016,764,0.0019
1481124016,762.94,0.35
1481124016,761,0.0019
1481124016,758,0.0019
1481124016,755.06,3
1481124016,755,0.218
1481124016,755,0.0019
1481124016,754.5,0.0003
1481124016,754,2
1481124016,753.5,0.2
1481124016,752.52,0.144
1481124016,752.51,0.5
1481124016,752,2.6517
1481124806,754.04,0.0001
1481129652,761,5
1481129652,762.99,0.0001
1481132207,762,3
1481132210,762,5
1481132212,762,5
1481132214,762,2
1481132215,762,3
1481142446,762.94,0.0012
1481149992,762.5,5
1481149994,762.5,5
1481152020,762.99,0.1439
1481152020,763,0.0019
1481152020,763,0.1861
1481163426,762.99,0.8021
1481180711,762,2.6434
1481182322,762.9,1.89
1481183473,763,0.0319
1481183473,763,0.1
1481184058,763.9,2.647
1481184600,762,1.259
1481185256,761,1.597
1481186125,762,3.4968
1481187937,763,4.268
1481189853,764,0.0019
1481189898,765,0.0019
1481189898,765,0.01
1481189903,766,0.0019
1481189905,768,0.0045
1481189910,769,0.002
1481189918,770,0.0031
1481189918,770,0.0969
1481189936,770,0.002
1481189944,770,2
1481189947,770,0.005
1481189951,770,1
1481189953,770,5
1481189955,770,3.8961
1481193612,774,1.8308
1481194179,771,1.26
1481194619,774.95,0.0011
1481194723,764,0.0011
1481194839,770,1.243
1481194853,774.95,0.0011
1481194879,764,0.0008
1481194879,761,0.0003
1481196163,770,1.64
1481196418,761,0.0016
1481196418,760.03,0.0176
1481196809,773,0.001
1481197657,773,0.0009
1481197708,760.03,0.0298
1481197722,774.94,0.0019
1481197722,774.95,0.0168
1481197764,760.03,0.0187
1481198010,774.95,0.015
1481198047,760.03,0.015
1481198074,774.95,0.001
1481200493,774,1.1567
1481204795,773.99,1.215
1481204811,773.99,0.0027
1481207121,773,4.64
1481218047,764,0.0019
1481218047,761,0.0019
1481218047,760.1,0.9962
1481218047,760.1,0.6838
1481218047,760.09,1
1481218047,760.04,0.0172
1481218047,758,0.0019
1481218047,757.04,0.102
1481218047,757,4
1481218047,757,0.22
1481218047,757,1.0001
1481218047,755,0.07
1481218047,755,1.905
1481218070,773.99,1
1481218070,774,3.8433
1481218092,774,1
1481218452,774.95,0.015
1481218452,774.99,0.35
1481218452,775,8.635
1481218490,755,0.095
1481218490,755,0.0019
1481218490,754.01,0.0323
1481218490,754,0.144
1481218490,752.01,0.0035
1481218490,752,0.4983
1481218490,752,0.0019
1481218490,752,0.14
1481218490,752,0.0101
1481218490,751.01,1
1481218490,751,2
1481218490,751,0.1
1481218490,750,2
1481218490,750,0.1
1481218490,749.1,2
1481218490,749,0.873
1481218511,749,2.127
1481218511,749,0.002
1481218511,749,0.1
1481218516,748.5,1.5
1481218520,748,4
1481253670,762,0.0003
1481253670,762,0.01
1481253670,763,0.1
1481253670,763,0.2205
1481253670,763,0.0019
1481253670,764,0.0019
1481253670,765,0.0019
1481253670,765,0.1
1481253670,766,0.0019
1481253670,767,0.0019
1481253670,767,0.1
1481253670,768,0.0019
1481253670,770,1.35
1481253670,771,1.25
1481253670,771.9,2
1481253670,772,2.5354
1481253670,773,1.3327
1481262211,770.99,0.129
1481267916,770.99,0.35
1481268411,770,5
1481268413,770,4.1565
1481270115,771,2
1481270131,772,4
1481270349,773,0.9673
1481270349,773,0.0182
1481270352,774,2
1481270848,774.99,0.01
1481270904,774.99,0.196
1481271022,775,0.038
1481271083,774,2.16
1481272431,772,2.467
1481273829,770,1.367
1481274436,772,0.13
1481275200,772,1
1481275204,772,1.64
1481275650,773,1.46
1481276210,774,2.46
1481276214,774,1
1481276216,774,2.54
1481276949,764,0.0019
1481276971,762.01,0.35
1481277893,770,0.1
1481278969,772,2.439
1481279604,770,0.44
1481281798,770,2.1364
1481281803,770,2
1481282302,772.5,0.0028
1481282329,772.5,0.0046
1481282726,772,0.0002
1481283129,772,0.0017
1481283228,772.5,0.3926
1481283248,772.5,1.6
1481283299,773.99,0.019
1481284113,771,2
1481284684,773.96,0.05
1481284684,773.97,0.35
1481284684,773.98,0.365
1481284718,773.98,0.007
1481301361,773.98,0.387
1481306180,771,5
1481306186,772,3
1481306890,770.01,0.0501
1481306890,770,0.5596
1481306890,768,0.2348
1481306890,766,1.5
1481306890,764.01,0.35
1481306890,764,0.0019
1481306890,762.02,1
1481306890,762.01,0.1
1481306890,762,0.35
1481306890,762,0.66
1481306890,761,2
1481306890,761,0.0019
1481306890,760,2
1481306890,759.01,0.1
1481306890,759,0.0917
1481307016,773.97,0.35
1481307016,773.98,0.241
1481307016,773.98,0.409
1481309585,761.01,0.1
1481311633,770,5
1481311640,771,5
1481311909,772,0.0019
1481311909,773,0.0019
1481311909,773.98,0.0062
1481312099,773.98,0.5848
1481312099,774,0.4952
1481312132,774,0.015
1481312147,764,3
1481315469,772,2
1481324545,772,0.1
1481324548,773.99,0.1
1481324552,774,0.4898
1481324552,774,0.001
1481324552,774,1
1481324570,774.5,12
1481324572,774.5,12
1481328556,774.5,0.0344
1481328556,774.5,4.9656
1481328559,774.5,1
1481328561,774.5,14.0344
1481335608,774.8,15
1481335609,774.8,5
1481340487,774,5
1481340489,774,1
1481340490,774,5
1481340492,774,3
1481340501,774,6
1481343950,774,2
1481343952,774,5
1481343955,774,3
1481348150,774.98,0.0501
1481348150,774.99,0.0499
1481351370,774,5
1481356852,771,2
1481361421,772,1
1481367668,774,1.9
1481386067,765,10
1481397752,765,5
1481403223,765.5,3
1481408910,764.03,0.0508
1481408910,764.02,0.0499
1481408910,764,0.0019
1481408910,764,0.2207
1481408910,763.01,4
1481408922,766,0.03
1481408922,774,1.7673
1481408922,774.99,0.0801
1481408922,775,1.1226
1481410833,773.8,5
1481414912,773.9,5
1481414915,773.9,5
1481414920,773.9,5
1481423581,772,10
1481423582,772,5
1481423584,772,5
1481432459,773,1
1481432462,773,4
1481438831,773,2
1481438832,773,3
1481449924,772,20.5006
1481449926,772,9.4994
1481449949,770,25
1481449953,770,16
1481449955,770,9
1481449970,773,11
1481449994,773,5
1481449998,773,13
1481453975,772,3.466
1481466978,766,10
1481466981,770,5
1481484513,767,5
1481490438,769.99,0.0019
1481490438,770,0.2207
1481490438,772,0.4874
1481490483,771,7
1481495226,770,5
1481495237,767,7
1481498091,770,5
1481498093,770,3
1481498094,770,5
1481501825,771,3
1481501832,772,1.0466
1481501847,773,0.5
1481505179,773,0.5
1481507648,773.5,2
1481507649,773.5,3
1481507652,773.5,5
1481507654,773.5,1
1481507656,773.5,3
1481507657,773.5,5
1481507659,773.5,2
1481517936,773.8,2
1481517938,773.8,3
1481517941,773.8,6
1481520287,773,3
1481520289,773,2
1481520290,773,5
1481520293,773,5
1481520295,773,5
1481525821,773.98,0.0356
1481530679,773.98,0.0143
1481530679,774.5,0.1
1481530679,775,0.2044
1481530679,775.5,0.1
1481530679,777,1.5413
1481530699,777,0.0008
1481553269,774,0.0136
1481553269,774,0.0012
1481553269,771,0.0012
1481553269,771,0.0521
1481553269,770.07,0.35
1481553269,770.06,0.2451
1481555295,775,1
1481555307,770.08,0.41
1481555312,770.07,2.28
1481555322,775,1
1481556994,776,4.2169
1481561996,770.01,0.0024
1481562564,771,0.0012
1481562572,776,0.1
1481566675,770.01,0.0076
1481566686,775.98,4
1481581716,775.98,16
1481604419,773,0.0064
1481605677,773.1,13
1481606958,773.2,7.2
1481606984,773.2,0.35
1481606995,773.2,7.45
1481616500,775.49,0.0002
1481618229,775.49,0.297
1481618258,776,0.0016
1481618706,776,0.1071
1481618706,777,0.7549
1481620488,777,7.703
1481620488,778.99,0.1313
1481620488,779,0.01
1481620488,779.9,0.2
1481620488,779.99,0.0136
1481620488,780,0.5
1481620488,780,0.4421
1481620488,780,0.001
1481620515,780,0.007
1481620584,770.02,0.2389
1481620636,779.99,0.2388
1481620636,780,0.7612
1481620751,780,10
1481620770,780,0.4
1481620830,780,0.096
1481621010,780,1.14
1481629015,778.5,10
1481631095,779.75,2
1481631104,779.75,3
1481635900,771.6,0.0641
1481638531,771.6,0.0366
1481643545,778,3
1481643547,778,5
1481643549,778,5
1481644368,779,0.1007
1481644455,780,0.2626
1481644486,780,0.004
1481650406,779,5
1481650409,779,5
1481650411,779,5
1481650414,779,5
1481666381,778,3
1481666383,778,5
1481666385,778,2
1481666387,778,10
1481676717,776,0.0001
1481676852,780,0.0063
1481683003,776,0.3999
1481696628,779.8,0.2
1481696655,779,23
1481697938,780,0.0004
1481700092,779,2
1481703234,780,0.0639
1481705141,779,5
1481724353,776.02,0.2203
1481724797,775.01,0.1
1481724832,774.25,0.005
1481724832,773.37,0.1
1481724832,773.35,0.3137
1481725130,779,0.2203
1481725130,780,0.2792
1481725829,775.01,0.01
1481725895,780,0.3387
1481727514,776,5
1481727516,776,10
1481727518,776,2
1481730022,779,0.01
1481730022,779,0.01
1481730022,780,0.9781
1481737245,780,5.2195
1481737245,780,0.0006
1481737245,781,0.4851
1481737245,781,1
1481737245,782.99,0.0001
1481737245,783,0.0001
1481737245,784,0.01
1481737245,784,0.001
1481737245,785,0.0006
1481737245,786,0.019
1481737245,787.36,2.362
1481737245,788,2.25
1481737245,790,0.0045
1481737245,790,0.0018
1481737245,790,0.0001
1481737245,790,0.0009
1481737245,790,0.0047
1481737245,790,0.3
1481737245,791,0.34
1481737258,775,10
1481737260,775.01,0.35
1481737260,775,4.65
1481737262,775,5
1481737278,775,0.35
1481737448,776,2
1481737451,776,3
1481737455,776,5
1481737457,776,5
1481737477,773.51,0.2221
1481737477,773.5,0.053
1481737477,773.5,4.7249
1481737479,773.5,2
1481737482,773.5,3.2751
1481742641,784.96,0.3497
1481742641,784.97,0.1
1481742641,786,0.1
1481742641,788,0.4399
1481753415,785,2
1481753419,785,1
1481753421,785,3
1481753424,785,4
1481772335,783,5
1481772351,783,0.21
1481772357,783,1
1481776753,778,0.2955
1481776998,783,0.2924
1481777040,783,0.5
1481780198,783,0.4976
1481789949,780,20
1481806738,783,2
1481806749,779,3
1481807362,784,0.1273
1481812419,784,0.0948
1481812419,784,0.2232
1481812454,781,3
1481812454,782,2
1481812456,782,3
1481812456,783,2
1481812458,783,3
1481822169,783,2
1481830306,783,5
1481835422,783,4
1481835424,783,1
1481835443,783.6,2.56
1481835446,783.6,5.486
1481835448,783.6,8.456
1481835451,783.6,1.48
1481835455,783.6,4.348
1481835458,783.6,2.486
1481835461,783.6,4.456
1481835463,783.6,6.456
1481835466,783.6,7.456
1481835470,783.6,3.7
1481835472,783.6,4.456
1481835476,783.6,2.456
1481835480,783.6,6.204
1481842458,779,0.2237
1481842478,783,0.0003
1481842483,783,5.4
1481842486,783,2.46
1481842490,783,1.46
1481842501,783,3.46
1481861909,782.5,20
1481874275,781,5
1481874285,778.7,5
1481874299,782.5,2
1481876023,781,3
1481878254,779,2
1481878711,782,1
1481879861,779.99,1.53
1481879863,779.99,1.47
1481879949,779.99,3
1481887927,780,5
1481887935,782,0.0723
1481887935,782.99,0.2237
1481887935,784,0.01
1481887935,785,0.0082
1481887935,787,0.1
1481887935,787.99,0.4065
1481887935,788,1.1793
1481888102,782,0.01
1481891219,781,1
1481892909,781,1
1481892918,781.5,1
1481896942,780,5
1481896952,781,2
1481897966,780.35,0.34
1481900798,782,0.101
1481905518,784.91,3.546
1481913080,784,11.45
1481913082,784,3.456
1481913085,784,2.45
1481913088,784,9.456
1481913090,784,8.456
1481913092,784,5.456
1481913095,784,0.48
1481913100,784,6.456
1481913102,784,8.456
1481913105,784,1.456
1481913108,784,5.456
1481913110,784,2.156
1481913112,784,4.456
1481913115,784,5.456
1481913118,784,4.904
1481913118,784.91,0.096
1481913872,779.5,0.0001
1481913943,779.5,0.0001
1481919427,784.91,0.5086
1481928235,784.91,0.4
1481939970,784.5,2
1481939974,784.5,10
1481939977,784.5,1.2
1481939979,784.5,15
1481939983,784.5,1.5
1481939985,784.5,0.3
1481946708,784,10
1481946710,784,10
1481950622,784,2
1481950627,784,1
1481950629,784,5
1481950631,784,5
1481958275,784.9,1.1365
1481958275,784.91,0.4494
1481958275,785,0.55
1481958275,788,0.8207
1481958275,791,0.0434
1481958519,791,0.6166
1481958519,792.9,1.12
1481958519,793,2
1481958519,793.7,0.2634
1481958531,793.7,1.2766
1481958531,794.64,0.45
1481958531,795,5
1481958531,797.25,0.2734
1481966168,795.8,3.5
1481976772,797.25,1
1481977946,797.25,0.01
1481983526,797.25,0.2966
1481983526,798,0.5163
1481997100,797,2
1482002314,797,1.45
1482002413,797,2
1482002413,797,2.154
1482002413,797,2
1482002413,797,1
1482002419,797,1
1482002422,797,2
1482002427,797,6.456
1482002430,797,4.456
1482002433,797,5.456
1482002436,797,9.456
1482002439,797,5.456
1482002441,797,3.456
1482002448,797,9.456
1482002450,797,8.456
1482002453,797,2.456
1482002455,797,4.456
1482002460,797,2.456
1482002463,797,5.456
1482002464,797,9.456
1482002468,797,1.15
1482002471,797,11.768
1482010207,794,0.0955
1482016337,796,1
1482016339,796,1.5
1482018756,795,2
1482021841,795,20
1482021858,795.5,5
1482021860,795.5,5
1482023000,795.9,0.0648
1482023005,796,2.5
1482023012,797.8,10
1482023020,798,0.7237
1482031317,796,5
1482034985,798,10
1482034987,798,10
1482036794,797,5
1482036796,797,2
1482036798,797,3
1482036800,797,5
1482039087,798.5,5
1482039089,798.5,2
1482039090,798.5,3
1482039092,798.5,5
1482039094,798.5,1.5
1482039100,798.5,3.5
1482043369,799,2
1482043371,799,1
1482043372,799,3
1482043375,799,3
1482043382,799,0.5
1482043386,799,0.5
1482043875,799.8,0.71
1482046235,799,30
1482049071,796,0.1
1482052080,798,2
1482057443,799,0.06
1482066723,799,0.018
1482069854,798,5
1482069862,797,10
1482072927,795,5
1482076684,794.01,0.1992
1482076686,794,0.8445
1482076692,788.54,0.35
1482076694,788.54,0.35
1482076694,788.53,1.6077
1482076697,788.53,0.35
1482076700,788.52,2.24
1482076704,788,0.33
1482076704,788,0.01
1482076706,787.13,0.11
1482076715,787,0.1
1482076718,786.4,0.23
1482076722,786,0.15
1482076725,785.22,1.25
1482076747,795,6
1482084290,784.37,0.88
1482084292,783.25,1.002
1482084294,782.2,2.3
1482084296,782,0.15
1482084300,780,3.65
1482084300,780,0.5068
1482084300,780,0.999
1482084300,780,0.15
1482084349,792,4
1482090233,792.5,0.117
1482094193,793.99,0.35
1482094193,794,41.65
1482108052,790,10
1482108056,790,0.1
1482108061,790,1
1482108122,793.8,0.1
1482108122,794,0.35
1482108122,794,0.15
1482108122,794,19.81
1482108137,794,0.1
1482108144,794,0.09
1482108454,794.8,20
1482108463,794.8,0.3
1482108829,794.8,0.06
1482114494,791,2
1482114522,791.5,2.366
1482114522,791,1
1482114522,790.01,0.0005
1482114522,790,0.1
1482114522,790,13.5
1482114522,789.32,3.0335
1482114559,790,5
1482114559,789.32,5
1482114831,791,0.05
1482115015,791,0.23
1482116837,791,0.5
1482116840,791,0.1
1482118488,791,0.12
1482118488,790.3,0.88
1482118702,790.3,0.345
1482118702,790,3.655
1482119935,790,1
1482120882,790.12,3.3
1482122029,790.12,2.5
1482122326,790.5,3.6
1482124002,790.5,0.01
1482124029,790.5,5
1482124068,790.5,0.05
1482124254,790.5,4
1482124530,790.5,2.223
1482125926,794,0.01
1482125926,794.8,0.1997
1482125926,795,0.418
1482126159,795,0.01
1482126178,795,1.572
1482126178,795,0.15
1482126178,796,3.578
1482128236,796,0.2
1482128924,791,6.35
1482132710,795,5
1482132792,795,2
1482133395,795,3
1482133402,791,3.89
1482133402,790.5,2.117
1482133402,790.12,1.88
1482133402,790,0.345
1482133402,789.32,1.9665
1482133402,789.02,0.35
1482133402,789,5.2
1482133402,789,0.0143
1482133402,787,1.0459
1482133402,786,0.15
1482133402,785,0.456
1482133402,784,0.15
1482133402,782,1.456
1482133402,780,0.9793
1482133444,795,2
1482133574,791,5
1482135008,795,10
1482135512,794,10
1482138705,792,2
1482138995,792,10
1482141703,791,10
1482144326,792,20
1482144423,795.33,0.35
1482144423,795.34,0.032
1482144444,795.34,0.91
1482144591,790.01,0.0001
1482144635,795.34,1
1482144654,790.01,0.0001
1482145554,795.3,0.0002
1482145554,795.34,0.6272
1482145568,795.34,0.4308
1482146677,796,0.0626
1482146691,796,0.1594
1482146691,796,0.15
1482146691,796,0.01
1482146723,796,5
1482152683,793.01,0.1999
1482152723,793,2.55
1482153237,793.5,5
1482156458,793,2
1482158797,793,20
1482160257,793,10
1482160269,792.1,5
1482160270,792.1,3
1482160272,792.1,5
1482160274,792.1,5
1482160303,792,2
1482160320,792,5
1482160321,792,3
1482160323,792,10
1482160325,792,10
1482160629,793.99,0.0012
1482163847,793,5
1482163848,793,5
1482163855,792,5
1482163856,792,5
1482163871,791,2
1482163873,791,3
1482163874,791,4
1482163877,791,10
1482163878,791,1
1482166250,792,5
1482166252,792,5
1482172644,793.99,0.023
1482172652,793,5
1482172654,793,4
1482172656,793,0.5
1482172658,793,0.5
1482176736,793.5,10
1482176737,793.5,2
1482176738,793.5,5
1482176740,793.5,3
1482176752,791,7
1482176754,791,2
1482176755,791,5
1482176757,791,3
1482176759,791,3
1482186500,793,10
1482186501,793,2
1482186503,793,3
1482186505,793,5
1482188108,793.99,0.1757
1482188111,794,0.1
1482188116,795,0.15
1482188122,796,0.15
1482188130,797,0.022
1482189347,799.7,0.0143
1482191129,799.8,0.05
1482191587,790.01,0.05
1482193808,790.03,0.1
1482193985,797.74,0.35
1482193985,797.75,4.85
1482193985,797.75,0.01
1482193991,797.75,3
1482194032,797.75,1
1482194668,797,7
1482194674,797,2.12
1482195014,797,2.88
1482195014,797.75,0.12
1482195817,797,5.85
1482196355,797,10.255
1482196447,797,1.23
1482196835,797,1.35
1482196881,797,0.005
1482197022,797,0.0015
1482197612,797,2.55
1482197614,797,1
1482197751,797,1
1482198396,797,1
1482198765,797,0.54
1482199104,796.8,5.74
1482199153,796.8,3.36
1482199301,796.8,2
1482199411,796.5,1.424
1482199607,796.5,2.2111
1482199688,796.5,1
1482200148,796.5,0.3
1482200928,796,12
1482201123,792.01,0.1
1482201147,792.01,0.1
1482201574,795,0.2
1482201574,796,7.6
1482201987,796,0.4
1482202779,796,10
1482202871,796,13.65
1482204122,795.85,5.24
1482204132,795.85,3
1482204134,795.85,1.76
1482204134,796,2.24
1482204138,796,2.2
1482204600,796,2.9
1482208285,795.8,5.287
1482209267,795.8,2.6
1482209272,795.8,6
1482210446,795,2.3
1482210468,795,5
1482210795,795,4.41
1482210960,795,10
1482211459,795,3
1482211555,795,0.0089
1482212106,795,1.2811
1482212110,795.8,0.113
1482212484,796,11.236
1482212672,796,5
1482213107,796,8.064
1482213107,796.4,3.936
1482213544,796.4,1.564
1482214570,796.5,0.0649
1482215320,796,5.68
1482216026,796,13
1482216543,796,2.214
1482216864,796,11.606
1482217134,796,0.1111
1482223069,795,15
1482223073,795,10
1482223079,795,1.8889
1482223081,795,1.8889
1482223086,795,1.2222
1482223086,796,0.7778
1482223089,796,1.1111
1482224589,796.8,0.4
1482224589,797,0.2185
1482224589,797.75,1.02
1482224589,799.8,0.2381
1482227582,795,2.4545
1482227584,795,2.5455
1482229525,795,5
1482240125,798,22
1482241404,794,10
1482241406,794,12
1482244572,795,20
1482244574,795,10
1482245044,792,34
1482245349,797,20
1482245656,792.01,0.08
1482245836,793,5
1482245838,793.01,0.35
1482245838,793,4.65
1482245846,793,10
1482245850,793,0.35
1482245867,795,20
1482245869,795,10
1482245871,795,20
1482245884,794,13
1482245886,794,10
1482245887,794,3
1482248733,799,10
1482248734,799,5
1482248736,799,5
1482249046,792,0.0036
1482249165,799.79,0.018
1482249371,792.01,0.018
1482250402,799.79,0.001
1482250414,799.79,0.0006
1482250420,799.79,0.0001
1482251513,795,10
1482251514,795,10
1482251516,795,10
1482253768,797,20
1482253770,797,10
1482253774,797,20
1482258970,798,10
1482258972,798,10
1482258974,798,5
1482258976,798,5
1482258989,797,5
1482258992,797,3
1482258994,797,2
1482258997,797,12
1482258999,797,8
1482262227,792.02,0.01
1482265061,798,2
1482265062,798,12
1482265065,798,12
1482265067,798,15
1482265069,798,5
1482265071,798,4
1482267310,799.79,0.05
1482267732,798,20
1482267734,798,10
1482267735,798,15
1482267737,798,5
1482269733,792.02,0.0708
1482269877,799.8,0.0698
1482270623,795,5
1482270624,795,5
1482272628,799,2
1482272629,799,2
1482272631,799,5
1482272632,799,5
1482276703,799.8,10.0369
1482276703,799.8,11.2158
1482276883,800.2,5
1482276883,798.12,25
1482278052,805,1.365
1482278052,805.56,3.635
1482278052,805.56,0.01
1482279050,798.12,0.33
1482279050,797.45,11.02
1482279050,796.2,8.65
1482279059,796.2,13
1482280146,798,2
1482280953,798,5.65
1482282288,799.77,0.02
1482282288,804,9.98
1482282894,804,3.02
1482284900,805,16.354
1482286402,804.9,2.3
1482286409,804.9,6.456
1482287454,804.9,12.32
1482289703,804.9,11.924
1482289706,805,4.646
1482289764,805.56,0.465
1482289764,806,1.368
1482289764,807.4,2.167
1482290579,807.4,0.061
1482290579,808.78,5.455
1482290579,810,4.484
1482290587,810,5
1482292461,809,16
1482292461,810,2.016
1482292461,811.85,1.984
1482293293,810,20.365
1482295295,810,3
1482296646,810,1.635
1482298331,810.3,15
1482298654,811,4.147
1482299054,811,5.247
1482299070,811,5
1482299587,811,6.2212
1482301243,811,3
1482301260,811,0.0748
1482301776,811.85,0.274
1482301802,812,12.3325
1482302064,812,14.3225
1482303195,812,3.345
1482303417,811.8,3.6
1482304911,812.47,2
1482304931,807.9,11.486
1482304935,807.9,1
1482304946,812.47,1.66
1482304969,807.9,2.514
1482304975,813,0.1
1482305584,813,0.48
1482305590,814.3,1.54
1482306451,809,0.0008
1482306476,809,0.218
1482307068,809.5,0.2188
1482307077,814.99,0.35
1482307080,816.4,1.11
1482307685,816,0.2192
1482307688,816,1
1482307699,815,1
1482309117,813.5,2
1482309334,809,0.01
1482309581,812,0.01
1482309581,813.5,0.19
1482309603,813.5,2
1482309881,813.5,1.596
1482309881,814,1.86
1482310167,814,3.626
1482310198,814.2,3.456
1482310322,814.2,2
1482310500,814.2,1.145
1482310802,810,0.219
1482310802,806.01,0.0812
1482311144,814.2,2
1482311325,814.2,1.5847
1482311474,806.01,0.219
1482311609,814.2,1.8143
1482311839,814.8,0.126
1482312236,807,0.09
1482312613,813,16
1482312955,814.2,5
1482313849,814.3,5.456
1482314084,812,5.486
1482314086,812,10.514
1482315723,814.7,0.0613
1482316323,814.5,2
1482316328,814.5,0.56
1482316331,814.5,3.44
1482317968,814.19,0.35
1482317968,814.2,10.11
1482317976,814.2,6.89
1482318466,813,2.687
1482318471,813,3.313
1482318965,812.5,2.7
1482318971,812.5,0.46
1482318975,812.5,1.84
1482319288,812,2.456
1482319292,812,1.456
1482319295,812,2.088
1482321195,813.4,2
1482323367,813,6.456
1482323372,813,2.45
1482323375,813,3.094
1482326497,814,0.0287
1482326500,814.8,4.874
1482326503,815,3.456
1482326508,816,11.6408
1482326511,817,0.8
1482326522,818.5,1.4
1482326722,820,1.123
1482326727,820,2.156
1482326751,813.01,0.1
1482326754,813.01,0.25
1482326756,813,2.456
1482327376,820,1
1482328784,820,1.721
1482328786,822,2.45
1482328789,824,3.456
1482329486,813.01,0.2175
1482329503,817,2.456
1482329889,825,2.53
1482329894,827.44,0.35
1482330329,827.45,0.35
1482330335,827.45,5.15
1482330341,828.6,4
1482330343,830,5
1482330343,830,0.0001
1482330346,831.47,3.655
1482332292,829,50
1482333485,830,0.2175
1482333489,833,0.45
1482333492,834.99,0.35
1482333492,835,3.18
1482333499,835,0.35
1482335098,836.1,1.53
1482335102,838,2.486
1482335105,839,2.456
1482335111,840,5
1482335113,841.32,5.486
1482335330,842,10
1482335333,842,20
1482335336,842,20
1482335353,840,12
1482335355,840,15
1482335357,840,1
1482339086,839,10
1482339087,839,20
1482339098,838,10
1482339100,838,5
1482339101,838,5
1482340405,819,0.0039
1482340478,819,0.2168
1482340478,818,1.163
1482346007,840,10
1482346009,840,10
1482346011,840,10
1482346025,835,20
1482346027,835,5
1482346029,835,4
1482346042,841,20
1482346045,841,3
1482346046,841,5
1482346048,841,15
1482346050,841,7
1482346071,820.01,0.35
1482346071,820,19.65
1482346074,820,20
1482346082,820.01,0.35
1482346082,820,10.35
1482346094,840.99,0.35
1482346094,841,19.65
1482346108,840.99,0.35
1482346108,841,20.35
1482346111,841,10
1482353454,821,0.04
1482353470,840,20
1482356755,842,0.2207
1482356764,843,1.456
1482356769,845,5.453
1482358564,846,0.1179
1482358620,845,10
1482358647,845,20
1482358683,845,20
1482358693,846,2.3681
1482358706,847,25
1482360121,847.99,0.0926
1482360121,848,1.0074
1482360469,842,15
1482360498,847,20
1482360874,845,0.05
1482361372,845,0.057
1482361726,821,0.06
1482361960,821,0.1666
1482361960,820.01,0.0609
1482362038,845,0.2
1482363614,843,13.63
1482363614,843.55,9.37
1482363623,843.55,12.52
1482364243,843.55,0.35
1482364251,843.55,7.76
1482364450,845,1.693
1482364450,846,1.47
1482364450,847,1.53
1482364450,848,0.307
1482365852,846,10
1482366420,847,0.0003
1482367094,846.8,12
1482370653,844,32
1482371022,840,21
1482371028,840,0.24
1482371416,841,0.2263
1482372289,848,12.3
1482372320,848,0.7
1482372320,850,0.02
1482372320,850,9.28
1482372358,849.8,35
1482372431,850,13
1482372630,850.8,25
1482372769,850.8,0.085
1482372770,850.8,0.09
1482372834,850.8,8
1482373000,850,0.2
1482373567,850,7.24
1482373741,850,3.247
1482374268,850,2.3
1482374472,850,0.463
1482374472,850,3.117
1482374484,850,20.12
1482374703,850,2.303
1482375103,840.1,0.011
1482375173,850.8,0.01
1482375219,840.1,0.01
1482375347,850.8,0.01
1482375402,840.1,0.01
1482376015,841,0.031
1482376557,850.8,0.938
1482377656,850,16
1482377757,853,1.3181
1482377806,853,1.0319
1482378889,853,8.15
1482379081,853,4.14
1482379619,853,1.25
1482380355,853,0.06
1482380365,854.8,18
1482380374,854.8,9.55
1482380382,855,2.3
1482381673,852.3,2.78
1482381673,853,2.22
1482383294,853,13.5
1482383724,853,4
